@article{love2004sustain,
	Author = {Love, Bradley C and Medin, Douglas L and Gureckis, Todd M},
	Journal = {Psychological Review},
	Number = {2},
	Pages = {309--332},
	Publisher = {American Psychological Association},
	Title = {{SUSTAIN: A network model of category learning}},
	Volume = {111},
	Year = {2004}
}


@article{jareckietalinpress,
  title={Naive and Robust: Class-Conditional Independence in Human Classification Learning},
  author={Jarecki, Jana and Meder, Bjorn and Nelson, Jonathan},
  journal={Cognitive Science},
  year={in press},
}

@article{nosofsky1988exemplar,
	Author = {Nosofsky, Robert M},
	Journal = {Journal of Experimental Psychology: Learning, Memory, and Cognition},
	Number = {4},
	Pages = {700--708},
	Publisher = {American Psychological Association},
	Title = {Exemplar-based accounts of relations between classification, recognition, and typicality.},
	Volume = {14},
	Year = {1988}
}

@article{griffiths2007topics,
  title={Topics in semantic representation},
  author={Griffiths, Thomas L and Steyvers, Mark and Tenenbaum, Joshua B},
  journal={Psychological Review},
  volume={114},
  number={2},
  pages={211--244},
  year={2007},
  publisher={American Psychological Association}
}

@article{vul2014one,
  title={{One and done? Optimal decisions from very few samples}},
  author={Vul, Edward and Goodman, Noah and Griffiths, Thomas L and Tenenbaum, Joshua B},
  journal={Cognitive Science},
  volume={38},
  number={4},
  pages={599--637},
  year={2014},
  publisher={Wiley Online Library}
}

@article{wald1947foundations,
  title={Foundations of a general theory of sequential decision functions},
  author={Wald, Abraham},
  journal={Econometrica},
  volume={15},
  number={4},
  pages={279--313},
  year={1947},
  publisher={JSTOR}
}

@article{navarro2016learning,
  title={Learning and choosing in an uncertain world: An investigation of the explore--exploit dilemma in static and dynamic environments},
  author={Navarro, Daniel J and Newell, Ben R and Schulze, Christin},
  journal={Cognitive Psychology},
  volume={85},
  pages={43--77},
  year={2016},
  publisher={Elsevier}
}

@article{newell2011right,
  title={{The right tool for the job? Comparing an evidence accumulation and a naive strategy selection model of decision making}},
  author={Newell, Ben R and Lee, Michael D},
  journal={Journal of Behavioral Decision Making},
  volume={24},
  number={5},
  pages={456--481},
  year={2011},
  publisher={Wiley Online Library}
}

@article{lee2004evidence,
  title={Evidence accumulation in decision making: Unifying the ``take the best'' and the ``rational'' models},
  author={Lee, Michael D and Cummins, Tarrant DR},
  journal={Psychonomic Bulletin \& Review},
  volume={11},
  number={2},
  pages={343--352},
  year={2004},
  publisher={Springer}
}

@book{luce1986response,
  title={Response times: Their role in inferring elementary mental organization},
  author={Luce, R Duncan},
  year={1986},
  publisher={Oxford University Press},
  address={Oxford, England}
}

@book{vickers1979decision,
  title={Decision processes in visual perception},
  author={Vickers, Douglas},
  year={1979},
  publisher={Academic Press},
  address={London, England}
}

@article{brown2008simplest,
  title={The simplest complete model of choice response time: Linear ballistic accumulation},
  author={Brown, Scott D and Heathcote, Andrew},
  journal={Cognitive Psychology},
  volume={57},
  number={3},
  pages={153--178},
  year={2008},
  publisher={Elsevier}
}

@article{ratcliff1978theory,
  title={A theory of memory retrieval.},
  author={Ratcliff, Roger},
  journal={Psychological Review},
  volume={85},
  number={2},
  pages={59--108},
  year={1978},
  publisher={American Psychological Association}
}

@book{gigerenzer1999simple,
  title={Simple heuristics that make us smart},
  author={Gigerenzer, Gerd and Todd, Peter M},
  year={1999},
  publisher={Oxford University Press},
  address={Oxford, England}
}

@article{simon1956rational,
  title={Rational choice and the structure of the environment.},
  author={Simon, Herbert A},
  journal={Psychological Review},
  volume={63},
  number={2},
  pages={129--138},
  year={1956},
  publisher={American Psychological Association}
}

@article{malt1984correlated,
  title={Correlated properties in natural categories},
  author={Malt, Barbara C and Smith, Edward E},
  journal={Journal of Verbal Learning and Verbal Behavior},
  volume={23},
  number={2},
  pages={250--269},
  year={1984},
  publisher={Elsevier}
}

@book{quine60,
	Author = {{Willard van Orman} Quine},
    Title = {Word and Object},
    Year = {1960},
    Publisher = {MIT Press},
    Address = {Cambridge, MA}
}

@article{navarro2011hypothesis,
	Author = {Navarro, Daniel J and Perfors, Amy F},
	Date-Added = {2014-01-31 01:46:06 +0000},
	Date-Modified = {2014-01-31 09:03:10 +0000},
	Journal = {Psychological Review},
	Number = {1},
	Pages = {120--134},
	Publisher = {American Psychological Association},
	Title = {Hypothesis generation, sparse categories, and the positive test strategy.},
	Volume = {118},
	Year = {2011}}

@article{lake2015human,
  title={Human-level concept learning through probabilistic program induction},
  author={Lake, Brenden M and Salakhutdinov, Ruslan and Tenenbaum, Joshua B},
  journal={Science},
  volume={350},
  number={6266},
  pages={1332--1338},
  year={2015},
  publisher={American Association for the Advancement of Science}
}

@book{goodman83,
	Author = {Nelson Goodman},
    Year = {1983},
    Title = {Fact, Fiction, and Forecast},
    Edition = {4th},
    Publisher = {Harvard University Press},
    address = {Cambridge, MA}
}

@article{tenenbaum2011grow,
  title={How to grow a mind: Statistics, structure, and abstraction},
  author={Tenenbaum, Joshua B and Kemp, Charles and Griffiths, Thomas L and Goodman, Noah D},
  journal={Science},
  volume={331},
  number={6022},
  pages={1279--1285},
  year={2011},
  publisher={American Association for the Advancement of Science}
}

@article{kemp2009structured,
  title={Structured statistical models of inductive reasoning.},
  author={Kemp, Charles and Tenenbaum, Joshua B},
  journal={Psychological Review},
  volume={116},
  number={1},
  pages={20--58},
  year={2009},
  publisher={American Psychological Association}
}

@article{tenenbaum1998mapping,
  title={Mapping a manifold of perceptual observations},
  author={Tenenbaum, Joshua B},
  journal={Advances in Neural Information Processing Systems},
  volume={10},
  pages={682--688},
  year={1997}
  }

@article{atkinson1968human,
  title={Human memory: A proposed system and its control processes},
  author={Atkinson, Richard C and Shiffrin, Richard M},
  journal={The Psychology of Learning and Motivation},
  volume={2},
  pages={89--195},
  year={1968}
}

@article{hoffman2006category,
  title={Category dimensionality and feature knowledge: When more features are learned as easily as fewer.},
  author={Hoffman, Aaron B and Murphy, Gregory L},
  journal={Journal of Experimental Psychology: Learning, Memory, and Cognition},
  volume={32},
  number={2},
  pages={301--315},
  year={2006},
  publisher={American Psychological Association}
}

@article{hoffman2008prior,
  title={Prior knowledge enhances the category dimensionality effect},
  author={Hoffman, Aaron B and Harris, Harlan D and Murphy, Gregory L},
  journal={Memory \& Cognition},
  volume={36},
  number={2},
  pages={256--270},
  year={2008},
  publisher={Springer}
}

@article{minda2001prototypes,
  title={{Prototypes in category learning: The effects of category size, category structure, and stimulus complexity}},
  author={Minda, John Paul and Smith, J David},
  journal={Journal of Experimental Psychology: Learning, Memory, and Cognition},
  volume={27},
  number={3},
  pages={775--799},
  year={2001},
  publisher={American Psychological Association}
}

@inproceedings{gershman2010learning,
  title={Learning to selectively attend},
  author={Gershman, Samuel J and Cohen, Jonathan D and Niv, Yael},
  booktitle={{Proceedings of the 32nd Annual Conference of the Cognitive Science Society}},
  editor = {S. Ohlsson and R. Catrambone},
  year={2010},
  pages={1270--1275},
  address={Austin, TX},
  publisher={Cognitive Science Society}
}

@article{niv2015reinforcement,
  title={Reinforcement Learning in Multidimensional Environments Relies on Attention Mechanisms},
  author={Niv, Yael and Daniel, Reka and Geana, Andra and Gershman, Samuel J and Leong, Yuan Chang and Radulescu, Angela and Wilson, Robert C},
  journal={The Journal of Neuroscience},
  volume={35},
  number={21},
  pages={8145--8157},
  year={2015},
  publisher={Soc Neuroscience}
}

@article{medin1978context,
  title={Context theory of classification learning.},
  author={Medin, Douglas L and Schaffer, Marguerite M},
  journal={Psychological Review},
  volume={85},
  number={3},
  pages={207--238},
  year={1978},
  publisher={American Psychological Association}
}

@article{kruschke1992alcove,
  title={ALCOVE: an exemplar-based connectionist model of category learning.},
  author={Kruschke, John K},
  journal={Psychological Review},
  volume={99},
  number={1},
  pages={22},
  year={1992},
  publisher={American Psychological Association}
}

@article{nosofsky1986attention,
  title={Attention, similarity, and the identification--categorization relationship.},
  author={Nosofsky, Robert M},
  journal={Journal of Experimental Psychology: General},
  volume={115},
  number={1},
  pages={39--57},
  year={1986},
  publisher={American Psychological Association}
}

@article{rosch1973natural,
  title={Natural categories},
  author={Rosch, Eleanor},
  journal={Cognitive Psychology},
  volume={4},
  number={3},
  pages={328--350},
  year={1973},
  publisher={Elsevier}
}

@article{haygood1967effects,
  title={Effects of number of irrelevant dimensions in nonconjunctive concept learning.},
  author={Haygood, Robert C and Stevenson, Michael},
  journal={Journal of experimental psychology},
  volume={74},
  number={2p1},
  pages={302},
  year={1967},
  publisher={American Psychological Association}
}

@article{walker1961identification,
  title={The identification of concepts as a function of amounts of relevant and irrelevant information},
  author={Walker, Clinton M and Bourne, Lyle E},
  journal={The American journal of psychology},
  pages={410--417},
  year={1961},
  publisher={JSTOR}
}

@Manual{bayesfactor,
  title = {{BayesFactor: Computation of Bayes Factors for Common Designs}},
  author = {Richard D. Morey and Jeffrey N. Rouder},
  year = {2015},
  note = {R package version 0.9.12-2},
  url = {http://CRAN.R-project.org/package=BayesFactor},
}


@article{liang2012mixtures,
	Author = {Liang, Feng and Paulo, Rui and Molina, German and Clyde, Merlise A and Berger, Jim O},
	Journal = {Journal of the American Statistical Association},
	Pages = {410--423},
	Publisher = {Taylor \& Francis},
	Title = {{Mixtures of g priors for Bayesian variable selection}},
    Volume = 103,
    Number = 481,
	Year = {2012}}

@article{rouder2012default,
	Author = {Rouder, Jeffrey N and Morey, Richard D and Speckman, Paul L and Province, Jordan M},
	Journal = {Journal of Mathematical Psychology},
	Number = {5},
	Pages = {356--374},
	Publisher = {Elsevier},
	Title = {Default {B}ayes factors for {ANOVA} designs},
	Volume = {56},
	Year = {2012}}

@article{nosofsky1994rule,
  title={Rule-plus-exception model of classification learning.},
  author={Nosofsky, Robert M and Palmeri, Thomas J and McKinley, Stephen C},
  journal={Psychological Review},
  volume={101},
  number={1},
  pages={53--79},
  year={1994},
  publisher={American Psychological Association}
}

@article{edgell1996irrelevant,
  title={Irrelevant information in probabilistic categorization.},
  author={Edgell, Stephen E and Castellan Jr, N John and Roe, Robert M and Barnes, Jon M and Ng, Pak C and Bright, Randy D and Ford, Laura A},
  journal={Journal of Experimental Psychology: Learning, Memory, and Cognition},
  volume={22},
  number={6},
  pages={1463--1481},
  year={1996},
  publisher={American Psychological Association}
}

@article{shepard1961learning,
  title={Learning and memorization of classifications.},
  author={Shepard, Roger N and Hovland, Carl I and Jenkins, Herbert M},
  journal={Psychological Monographs: General and Applied},
  volume={75},
  number={13},
  pages={1--42},
  year={1961},
  publisher={American Psychological Association}
}

@book{sutton1998reinforcement,
  title={Reinforcement learning: An Introduction},
  author={Sutton, Richard S and Barto, Andrew G},
  year={1998},
  publisher={MIT Press Cambridge},
}

@article{bott2007blocking,
  title={Blocking in category learning.},
  author={Bott, Lewis and Hoffman, Aaron B and Murphy, Gregory L},
  journal={Journal of Experimental Psychology: General},
  volume={136},
  number={4},
  pages={685--699},
  year={2007},
  publisher={American Psychological Association}
}

@article{chatervitanyi03,
	Author = {Nick Chater and Paul Vit\'{a
}nyi},
	Year = {2003},
    Volume = {7},
    Number = {1},
    Journal = {Trends in Cognitive Sciences},
    Pages = {19-22},
    Title = {Simplicity: a unifying principle in cognitive science?}
}

@book{minda15,
	Author = {John Paul Minda},
    Year = {2015},
    Title = {The Psychology of Thinking: Reasoning, Decision-Making and Problem-Solving},
    Publisher = {Sage},
    Address = {New York, NY}
}

@incollection{griffithsetal08,
	Author = {Thomas L Griffiths and Charles Kemp and Joshua B Tenenbaum},
    Year = {2008},
    Title = {Bayesian models of cognition},
    Editor = {Ron Sun},
    Publisher = {Cambridge University Press},
    Booktitle = {{The Cambridge handbook of computational psychology}},
    Pages = {59--100},
    Address = {Cambridge, MA}
}

@incollection{verleysenfrancois05,
	Author = {M Verleysen and D Fran\c{c}ois},
    Year = {2005},
    Title = {The curse of dimensionality in data mining and time series},
    Booktitle = {{Proceedings of the 8th International Workshop on Artificial Neural Networks}},
    Pages = {758--770}
}

@article{mcraeetal05,
	Author = {Ken McRae and G Cree and M Seidenberg and C McNorgan},
    Year = {2005},
    Title = {Semantic feature production norms for a large set of living and nonliving things},
    Journal = {Behavior Research Methods},
    Volume = {37},
    Number={4},
    Pages = {547-559}
}

@article{searcyshafto16,
	Author = {Sophia Ray Searcy and Patrick Shafto},
    Year = {2016},
    Title = {Cooperative inference: Features, objects, and collections},
    Journal = {Psychological Review},
    Volume = {123},
    Number={5},
    Pages = {510-533}
}

@article{roschmervis75,
	Author = {Eleanor Rosch and Carolyn Mervis},
    Title = {Family resemblances: {S}tudies in the internal structure of categories},
    Year = {1975},
    Volume={7},
    Number = {4},
    Pages = {573--605},
    Journal = {Cognitive Psychology}
}

@book{murphy02,
	Author = {Greg Murphy},
    Year = {2002},
    Title = {The Big Book of Concepts},
    Publisher = {MIT Press},
    Address = {Cambridge, MA}
}

@incollection{keoghmueen11,
	Author = {Eamonn Keogh and Abdullah Mueen},
    Year = {2011},
    Editor = {Claude Sammut and Geoffrey Webb},
    Booktitle = {Encyclopedia of Machine Learning},
    Title = {The Curse of Dimensionality},
    Publisher = {Springer},
    Address = {New York, NY}
}

@inproceedings{donoho00,
  title={High-dimensional data analysis: The curses and blessings of dimensionality},
  author={Donoho, David L},
  booktitle={{American Mathematical Society Conference on Math Challenges of the 21st Century}},
  year={2000},
}

@book{bellman61,
	Author = {Richard Bellman},
    Year = {1961},
    Title = {Adaptive Control Processes: A Guided Tour},
    Address = {Princeton, NJ},
    Publisher = {Princeton University Press}
}

@book{goldsmithetal15,
	Author = {Nick Chater and Alex Clark and John Goldsmith and Amy Perfors},
    Year = {2015},
    Title = {Empiricism and language learnability},
    Address = {Oxford, England},
    Publisher = {Oxford University Press}
    }

@article{landauerdumais97,
	Author = {Thomas Landauer and Susan Dumais},
    Year = {1997},
    Journal = {Psychological Review},
    Volume = {104},
    Number = {2},
    Pages = {211-240},
    Title = {{A solution to Plato's problem: The Latent Semantic Analysis theory of acquisition, induction, and representation of knowledge}}    
}

@book{markman89,
	Author = {Ellen Markman},
    Year = {1989},
    Title = {Categorization and Naming in Children},
    Publisher = {MIT Press},
    Address = {Cambridge, MA}
}

@article{goodman2008rational,
  title={A Rational Analysis of Rule-Based Concept Learning},
  author={Goodman, Noah and Tenenbaum, Joshua B and Feldman, Jacob and Griffiths, Thomas L},
  journal={Cognitive Science},
  volume={32},
  number={1},
  pages={108--154},
  year={2008},
  publisher={Wiley Online Library}
}

@book{anderson1990adaptive,
  title={The adaptive character of thought},
  author={Anderson, John Robert},
  year={1990},
  address={Hillsdale, NJ},
  publisher={Erlbaum}
}

@inproceedings{jarecki2013assumption,
  title={The assumption of class-conditional independence in category learning},
  author={Jarecki, Jana and Meder, Bj{\"o}rn and Nelson, Jonathan D},
  editor={M. Knauff and M. Pauen and N. Sebanz and I. Wachsmuth},
  booktitle={{Proceedings of the 35th Annual Conference of the Cognitive Science Society}},
  year={2013},
  pages={2650--2655},
  address={Austin, TX},		
  publisher={Cognitive Science Society}
}

@article{sanborn2010rational,
  title={Rational approximations to rational models: {A}lternative algorithms for category learning.},
  author={Sanborn, Adam N and Griffiths, Thomas L and Navarro, Daniel J},
  journal={Psychological Review},
  volume={117},
  number={4},
  pages={1144--1167},
  year={2010},
  publisher={American Psychological Association}
}

@article{posner1968genesis,
  title={On the genesis of abstract ideas.},
  author={Posner, Michael I and Keele, Steven W},
  journal={Journal of Experimental Psychology},
  volume={77},
  number={3},
  part={1},
  pages={353--363},
  year={1968},
  publisher={American Psychological Association}
}

@article{gluck2002people,
  title={How do people solve the ``weather prediction'' task?: Individual variability in strategies for probabilistic category learning},
  author={Gluck, Mark A and Shohamy, Daphna and Myers, Catherine},
  journal={Learning \& Memory},
  volume={9},
  number={6},
  pages={408--418},
  year={2002},
  publisher={Cold Spring Harbor Lab}
}

@article{bourne1959mathematical,
  title={Mathematical theory of concept identification.},
  author={Bourne, Lyle E and Restle, Frank},
  journal={Psychological review},
  volume={66},
  number={5},
  pages={278},
  year={1959},
  publisher={American Psychological Association}
}

@article{civile2014face,
  title={The face inversion effect—Parts and wholes: Individual features and their configuration},
  author={Civile, Ciro and McLaren, Rossy P and McLaren, Ian PL},
  journal={Quarterly Journal of Experimental Psychology},
  volume={67},
  number={4},
  pages={728--746},
  year={2014},
  publisher={SAGE Publications Sage UK: London, England}
}

@article{mclaren1994recognition,
  title={Recognition, categorization, and perceptual learning (or, how learning to classify things together helps one to tell them apart).},
  author={McLaren, IPL and Leevers, HJ and Mackintosh, Nicholas},
  year={1994},
  publisher={The MIT Press}
}

@article{jones1998perceptual,
  title={Perceptual categorization: Connectionist modelling and decision rules},
  author={Jones, FW and Wills, AJ and McLaren, IPL},
  journal={The Quarterly Journal of Experimental Psychology Section B},
  volume={51},
  number={1b},
  pages={33--58},
  year={1998},
  publisher={SAGE Publications Sage UK: London, England}
}

@article{wills1997generalization,
  title={Generalization in human category learning: A connectionist account of differences in gradient after discriminative and non discriminative training},
  author={Wills, AJ and McLaren, IPL},
  journal={The Quarterly Journal of Experimental Psychology: Section A},
  volume={50},
  number={3},
  pages={607--630},
  year={1997},
  publisher={Taylor \& Francis}
}

@article{wills1998perceptual,
  title={Perceptual learning and free classification},
  author={Wills, AJ and McLaren, Ian PL},
  journal={The Quarterly Journal of Experimental Psychology Section B},
  volume={51},
  number={3b},
  pages={235--270},
  year={1998},
  publisher={SAGE Publications Sage UK: London, England}
}

@article{wills2015combination,
  title={Combination or differentiation? Two theories of processing order in classification},
  author={Wills, AJ and Inkster, Angus B and Milton, Fraser},
  journal={Cognitive Psychology},
  volume={80},
  pages={1--33},
  year={2015},
  publisher={Elsevier}
}
