@article{fabrigar1999evaluating,
  title={Evaluating the use of exploratory factor analysis in psychological research.},
  author={Fabrigar, Leandre R and Wegener, Duane T and MacCallum, Robert C and Strahan, Erin J},
  journal={Psychological methods},
  volume={4},
  number={3},
  pages={272-299},
  year={1999},
  publisher={American Psychological Association}
}