@Article{DeDeyne_2019_swow,
  Author = {S. De Deyne and D.J. Navarro and A. Perfors and M. Brysbaert and G. Storms},
  Journal = {Behavior Research Methods},
  Pages = {987-1006},
  Title = {The "Small World of Words" English word association norms for over 12,000 cue words},
  Volume = {51},
  Year = {2019},
  Doi = {https://doi.org/10.3758/s13428-018-1115-7},
  Psyarxiv = {https://doi.org/10.31234/osf.io/mb93p},
  Issue = {3}
}


@Article{Hayes_2019_diversitysampling,
  Author = {B.K. Hayes and D.J. Navarro and R. Stephens and K. Ransom and N. Dilevski},
  Journal = {Psychonomic Bulletin & Review},
  Pages = {1043-1050},
  Title = {The diversity effect in inductive reasoning depends on sampling assumptions},
  Volume = {26},
  Year = {2019},
  Doi = {https://doi.org/10.3758/s13423-018-1562-2},
  Psyarxiv = {https://doi.org/10.31234/osf.io/ve9sa},
  Issue = {3}
}


@Article{Hayes_2019_samplingframes,
  Author = {B.K. Hayes and S. Banner and S. Forrester and D.J. Navarro},
  Journal = {Cognitive Psychology},
  Title = {Selective sampling and inductive inference: Drawing inferences based on observed and missing evidence},
  Volume = {113},
  Year = {2019},
  Doi = {https://doi.org/10.1016/j.cogpsych.2019.05.003},
  Psyarxiv = {https://doi.org/10.17605/OSF.IO/2M83V}
}


@Article{Hendrickson_2019_onecattwocat,
  Author = {A.T. Hendrickson and A. Perfors and D.J. Navarro and K. Ransom},
  Journal = {Cognitive Psychology},
  Pages = {80-102},
  Title = {Sample size, number of categories and sampling assumptions: Exploring some differences between categorization and generalization},
  Volume = {111},
  Year = {2019},
  Doi = {https://dx.doi.org/10.1016/j.cogpsych.2019.03.001},
  Psyarxiv = {https://doi.org/10.31234/osf.io/9vc2n}
}


@Article{Lee_2019_negevassoc,
  Author = {J.C. Lee and P.F. Lovibond and B.K. Hayes and D.J. Navarro},
  Journal = {Journal of Experimental Psychology: General},
  Pages = {289-303},
  Title = {Negative evidence and inductive reasoning in generalization of associative learning},
  Volume = {148},
  Year = {2019},
  Doi = {http://dx.doi.org/10.1037/xge0000496},
  Psyarxiv = {https://dx.doi.org/10.31234/osf.io/umven}
}


@Article{Navarro_2019_devildeepbluesea,
  Author = {D.J. Navarro},
  Journal = {Computational Brain and Behavior},
  Pages = {28-34},
  Title = {Between the devil and the deep blue sea: Tensions between scientific judgement and statistical model selection},
  Volume = {2},
  Year = {2019},
  Doi = {https://doi.org/10.1007/s42113-018-0019-z},
  Psyarxiv = {https://doi.org/10.31234/osf.io/39q8y}
}


@Article{Perfors_2019_echochambers,
  Author = {A. Perfors and D.J. Navarro},
  Journal = {Proceedings of the 41st Annual Conference of the Cognitive Science Society},
  Title = {Why do echo chambers form? The role of trust, population heterogeneity, and objective truth},
  Year = {2019}
}


@Article{Vong_2019_curse,
  Author = {W.K. Vong and A. Hendrickson and D.J. Navarro and A. Perfors},
  Journal = {Cognitive Science},
  Pages = {e12724},
  Title = {Do additional features help or hurt category learning? The curse of dimensionality in human learners},
  Volume = {43},
  Year = {2019},
  Doi = {http://dx.doi.org/10.1111/cogs.12724},
  Psyarxiv = {https://dx.doi.org/10.17605/OSF.IO/BJH68}
}


@Inproceedings{DeDeyne_2018_neighbours,
  Address = {Austin, TX},
  Author = {S. De Deyne and A. Perfors and D.J. Navarro},
  Booktitle = {Proceedings of the 40th Annual Conference of the Cognitive Science Society},
  Editor = {C. Kalish and M. Rau and J. Zhu and T.T. Rogers},
  Pages = {1605-1610},
  Publisher = {Cognitive Science Society},
  Title = {Learning word meaning with little means: An investigation into the inferential capacity of paradigmatic information},
  Year = {2018}
}


@Inproceedings{Hotaling_2018_skilledbandits,
  Address = {Austin, TX},
  Author = {J.M. Hotaling and D.J. Navarro and B.R. Newell},
  Booktitle = {Proceedings of the 40th Annual Conference of the Cognitive Science Society},
  Editor = {C. Kalish and M. Rau and J. Zhu and T.T. Rogers},
  Pages = {1824-1829},
  Publisher = {Cognitive Science Society},
  Title = {Skilled bandits: Learning to choose in a reactive world},
  Year = {2018}
}


@Article{Langsford_2018_grammaticality,
  Author = {S. Langsford and A. Perfors and A. Hendrickson and L. Kennedy and D.J. Navarro},
  Journal = {Glossa: A Journal of General Linguistics},
  Pages = {37},
  Title = {A systematic comparison and reliability analysis of formal measures of sentence acceptability},
  Volume = {3},
  Year = {2018},
  Doi = {http://doi.org/10.5334/gjgl.396},
  Psyarxiv = {https://doi.org/10.5334/gjgl.396}
}


@Article{Martire_2018_handwriting,
  Author = {K.A. Martire and B. Growns and D.J. Navarro},
  Journal = {Psychonomic Bulletin and Review},
  Pages = {2346–2355},
  Title = {What do the experts know? Calibration, precision, and the wisdom of crowds among forensic handwriting experts},
  Volume = {25},
  Year = {2018},
  Doi = {https://doi.org/10.3758/s13423-018-1448-3},
  Psyarxiv = {https://doi.org/10.31234/osf.io/pq7kz}
}


@Article{Navarro_2018_extremists,
  Author = {D.J. Navarro and A. Perfors and A. Kary and S. Brown and C. Donkin},
  Journal = {Cognitive Science},
  Pages = {2108-2149},
  Title = {When extremists win: Cultural transmission via iterated learning when priors are heterogeneous},
  Volume = {42},
  Year = {2018},
  Doi = {http://dx.doi.org/10.1111/cogs.12667},
  Psyarxiv = {http://dx.doi.org/10.17605/OSF.IO/7NPQ6},
  Issue = {7}
}


@Article{Navarro_2018_vanishingbandits,
  Author = {D.J. Navarro and P. Tran and N. Baz},
  Journal = {Computational Brain and Behavior},
  Pages = {151-164},
  Title = {Aversion to option loss in a restless bandit task},
  Volume = {1},
  Year = {2018},
  Doi = {https://dx.doi.org/10.1007/s42113-018-0010-8},
  Psyarxiv = {https://doi.org/10.17605/OSF.IO/3G4P5},
  Issue = {2}
}


@Inproceedings{Perfors_2018_evidenceselection,
  Address = {Austin, TX},
  Author = {A. Perfors and D.J. Navarro and P. Shafto},
  Booktitle = {Proceedings of the 40th Annual Conference of the Cognitive Science Society},
  Editor = {C. Kalish and M. Rau and J. Zhu and T.T. Rogers},
  Pages = {866-871},
  Publisher = {Cognitive Science Society},
  Title = {Stronger evidence isn’t always better: A  role for social inference in evidence selection and interpretation},
  Year = {2018}
}


@Inproceedings{Ransom_2018_onecatrep,
  Address = {Austin, TX},
  Author = {K. Ransom and A.T. Hendrickson and A. Perfors and D.J. Navarro},
  Booktitle = {Proceedings of the 40th Annual Conference of the Cognitive Science Society},
  Editor = {C. Kalish and M. Rau and J. Zhu and T.T. Rogers},
  Pages = {932-937},
  Publisher = {Cognitive Science Society},
  Title = {Representational and sampling assumptions drive individual differences in single category generalisation},
  Year = {2018}
}


@Inproceedings{Xie_2018_typestokens,
  Address = {Austin, TX},
  Author = {B. Xie and B.K. Hayes and D.J. Navarro},
  Booktitle = {Proceedings of the 40th Annual Conference of the Cognitive Science Society},
  Editor = {C. Kalish and M. Rau and J. Zhu and T.T. Rogers},
  Pages = {1201-1206},
  Publisher = {Cognitive Science Society},
  Title = {Adding types, but not tokens, affects the breadth of property induction},
  Year = {2018}
}


@Article{DeDeyne_2017_ijcai,
  Author = {S. De Deyne and A. Perfors and D.J. Navarro},
  Journal = {Proceedings of the 26th International Joint Conference on Artificial Intelligence},
  Title = {Predicting human similarity judgments with distributional models: The value of word associations},
  Year = {2017},
  Doi = {https://doi.org/10.24963/ijcai.2017/671}
}


@Inproceedings{Hayes_2017_framescogsci,
  Address = {Austin, TX},
  Author = {B.K. Hayes and S. Banner and D.J. Navarro},
  Booktitle = {Proceedings of the 39th Annual Conference of the Cognitive Science Society},
  Editor = {G. Gunzelmann and A. Howes and T. Tenbrink and E. Davelaar},
  Publisher = {Cognitive Science Society},
  Title = {Sampling frames, Bayesian inference and inductive reasoning},
  Year = {2017},
  Isbn = {9780991196760}
}


@Article{Kennedy_2017_robustintervals,
  Author = {L. Kennedy and D.J. Navarro and A. Perfors and N. Briggs},
  Journal = {Behavior Research Methods},
  Pages = {2219–2234},
  Title = {Not every credible interval is credible: Evaluating robustness in the presence of contamination in Bayesian data analysis},
  Volume = {49},
  Year = {2017},
  Doi = {https://doi.org/10.3758/s13428-017-0854-1},
  Psyarxiv = {https://doi.org/10.31234/osf.io/gqs89}
}


@Inproceedings{Langsford_2017_translearn,
  Address = {Austin, TX},
  Author = {S. Langsford and A.T. Hendrickson and A. Perfors and D.J. Navarro},
  Booktitle = {Proceedings of the 39th Annual Conference of the Cognitive Science Society},
  Editor = {G. Gunzelmann and A. Howes and T. Tenbrink and E. Davelaar},
  Publisher = {Cognitive Science Society},
  Title = {When do learned transformations influence similarity and categorization?},
  Year = {2017},
  Isbn = {9780991196760}
}


@Article{Martire_2017_scijust,
  Author = {K.A. Martire and G. Edmond and D.J. Navarro and B.R. Newell},
  Journal = {Science and Justice},
  Pages = {76-79},
  Title = {On the likelihood of 'encapsulating all uncertainty'},
  Volume = {57},
  Year = {2017},
  Doi = {https://doi.org/10.1016/j.scijus.2016.10.004},
  Psyarxiv = {https://doi.org/10.31234/osf.io/suf8p}
}


@Inproceedings{Navarro_2017_extremistscogsci,
  Address = {Austin, TX},
  Author = {D.J. Navarro and A. Perfors and A. Kary and S. Brown and C. Donkin},
  Booktitle = {Proceedings of the 39th Annual Conference of the Cognitive Science Society},
  Editor = {G. Gunzelmann and A. Howes and T. Tenbrink and E. Davelaar},
  Publisher = {Cognitive Science Society},
  Title = {When extremists win: On the behavior of iterated learning chains when priors are heterogeneous},
  Year = {2017},
  Isbn = {9780991196760}
}


@Article{Navarro_2017_noneoftheabove,
  Author = {D.J. Navarro and C. Kemp},
  Journal = {Psychological Review},
  Pages = {643-677},
  Title = {None of the above: A Bayesian account of the detection of novel categories},
  Volume = {124},
  Year = {2017},
  Doi = {https://doi.org/10.1037/rev0000077},
  Psyarxiv = {https://doi.org/10.31234/osf.io/szr4u}
}


@Inproceedings{Ransom_2017_pirates,
  Address = {Austin, TX},
  Author = {K. Ransom and W. Voorspoels and A. Perfors and D.J. Navarro},
  Booktitle = {Proceedings of the 39th Annual Conference of the Cognitive Science Society},
  Editor = {G. Gunzelmann and A. Howes and T. Tenbrink and E. Davelaar},
  Publisher = {Cognitive Science Society},
  Title = {A cognitive analysis of deception without lying},
  Year = {2017},
  Isbn = {9780991196760}
}


@Article{Tauber_2017_descriptivebayes,
  Author = {S. Tauber and D.J. Navarro and A. Perfors and M. Steyvers},
  Journal = {Psychological Review},
  Pages = {410-441},
  Title = {Bayesian models of cognition revisited: Setting optimality aside and letting data drive psychological theory},
  Volume = {124},
  Year = {2017},
  Doi = {https://doi.org/10.1037/rev0000052},
  Psyarxiv = {https://doi.org/10.31234/osf.io/25gcm}
}


@Incollection{DeDeyne_2016_bigdata,
  Author = {S. De Deyne and Y.N. Kenett and D. Anaki and M. Faust and D.J. Navarro},
  Booktitle = {Big Data in Cognitive Science: From Methods to Insights},
  Editor = {M.N. Jones},
  Pages = {174-202},
  Publisher = {Psychology Press},
  Title = {Large-scale network representations of semantics in the mental lexicon},
  Year = {2016},
  Isbn = {9781138791930}
}


@Article{DeDeyne_2016_coling,
  Author = {S. De Deyne and A. Perfors and D.J. Navarro},
  Journal = {Proceedings of COLING 2016, the 27th International Conference on Computational Linguistics},
  Pages = {1861-1870},
  Title = {Predicting human similarity judgments with distributional models: The value of word associations},
  Year = {2016}
}


@Article{DeDeyne_2016_weaksimilarity,
  Author = {S. De Deyne and D.J. Navarro and A. Perfors and G. Storms},
  Journal = {Journal of Experimental Psychology: General},
  Pages = {1228-1254},
  Title = {Structure at every scale: A semantic network account of the similarities between very unrelated concepts},
  Volume = {145},
  Year = {2016},
  Doi = {https://doi.org/10.1037/xge0000192},
  Psyarxiv = {https://doi.org/10.31234/osf.io/s3k79},
  Pages.1 = {1228-1254}
}


@Article{Gokaydin_2016_sequential,
  Author = {D. G\"okaydin and D.J. Navarro and A. Ma-Wyatt and A. Perfors},
  Journal = {Journal of Experimental Psychology: General},
  Pages = {110-123},
  Title = {The structure of sequential effects},
  Volume = {145},
  Year = {2016},
  Doi = {http://dx.doi.org/10.1037/xge0000106},
  Psyarxiv = {https://dx.doi.org/10.31234/osf.io/y5e2s}
}


@Article{Hendrickson_2016_battleships,
  Author = {A. Hendrickson and D.J. Navarro and A. Perfors},
  Journal = {Decision},
  Pages = {62-80},
  Title = {Sensitivity to hypothesis size during information search},
  Volume = {3},
  Year = {2016},
  Doi = {http://dx.doi.org/10.1037/dec0000039},
  Psyarxiv = {https://dx.doi.org/10.31234/osf.io/7wz5b}
}


@Article{Navarro_2016_exploreexploit,
  Author = {D.J. Navarro and B. Newell and C. Schulze},
  Journal = {Cognitive Psychology},
  Pages = {43-77},
  Title = {Learning and choosing in an uncertain world: An investigation of the explore-exploit dilemma in static and dynamic environments},
  Volume = {85},
  Year = {2016},
  Doi = {https://doi.org/10.1016/j.cogpsych.2016.01.001},
  Psyarxiv = {https://doi.org/10.31234/osf.io/dv8qg}
}


@Article{Ransom_2016_samplinginreasoning,
  Author = {K. Ransom and A. Perfors and D.J. Navarro},
  Journal = {Cognitive Science},
  Pages = {1775-1796},
  Title = {Leaping to conclusions: Why premise relevance affects argument strength},
  Volume = {40},
  Year = {2016},
  Doi = {https://doi.org/10.1111/cogs.12308},
  Psyarxiv = {https://doi.org/10.31234/osf.io/wm3xg}
}


@Inproceedings{Vong_2016_cursecogsci,
  Address = {Austin, TX},
  Author = {W.K. Vong and A.T. Hendrickson and A. Perfors and D.J. Navarro},
  Booktitle = {Proceedings of the 38th Annual Conference of the Cognitive Science Society},
  Editor = {A. Papafragou and D. Grodner and D. Mirman and J.C. Trueswell},
  Pages = {2471-2476},
  Publisher = {Cognitive Science Society},
  Title = {Do additional features help or harm during category learning? An exploration of the curse of dimensionality in human learners},
  Year = {2016}
}


@Article{Vong_2016_semisupervised,
  Author = {W.K. Vong and D.J. Navarro and A. Perfors},
  Journal = {Psychonomic Bulletin and Review},
  Pages = {230-238},
  Title = {The helpfulness of category labels in semi-supervised learning depends on category structure},
  Volume = {23},
  Year = {2016},
  Doi = {http://dx.doi.org/10.3758/s13423-015-0857-9},
  Psyarxiv = {https://dx.doi.org/10.31234/osf.io/6ygzj}
}


@Inproceedings{Welsh_2016_earthquake,
  Address = {Austin, TX},
  Author = {M.B. Welsh and S. Steacy and S.H. Begg and D.J. Navarro},
  Booktitle = {Proceedings of the 38th Annual Conference of the Cognitive Science Society},
  Editor = {A. Papafragou and D. Grodner and D. Mirman and J.C. Trueswell},
  Pages = {544-549},
  Publisher = {Cognitive Science Society},
  Title = {A tale of two disasters: Biases in risk communication},
  Year = {2016}
}


@Conference{DeDeyne_2015_thematic,
  Author = {S. De Deyne and S. Verheyen and A. Perfors and D.J. Navarro},
  Booktitle = {Proceedings of the 37th Annual Conference of the Cognitive Science Society},
  Editor = {D.C. Noelle and R. Dale and A.S. Warlaumont and J. Yoshimi and T. Matlock and C.D. Jennings and P.P. Maglio},
  Pages = {518-523},
  Title = {Evidence for widespread thematic structure in the mental lexicon},
  Year = {2015}
}


@Article{Ejova_2015_ioc,
  Author = {A. Ejova and P.D. Delfabbro and D.J. Navarro},
  Journal = {Journal of Gambling Studies},
  Pages = {133-160},
  Title = {Erroneous gambling-related beliefs as illusions of primary and secondary control: A confirmatory factor analysis},
  Volume = {31},
  Year = {2015},
  Doi = {http://dx.doi.org/10.1007/s10899-013-9402-9}
}


@Conference{Hendrickson_2015_simrt,
  Author = {A. Hendrickson and D.J. Navarro and C. Donkin},
  Booktitle = {Proceedings of the 37th Annual Conference of the Cognitive Science Society},
  Editor = {D.C. Noelle and R. Dale and A.S. Warlaumont and J. Yoshimi and T. Matlock and C.D. Jennings and P.P. Maglio},
  Pages = {908-913},
  Title = {Quantifying the time course of similarity},
  Year = {2015}
}


@Article{Voorspoels_2015_negativeevidence,
  Author = {W. Voorspoels and D.J. Navarro and A. Perfors and K. Ransom and G. Storms},
  Journal = {Cognitive Psychology},
  Pages = {1-25},
  Title = {How do people learn from negative evidence? Non-monotonic generalizations and sampling assumptions in inductive reasoning},
  Volume = {81},
  Year = {2015},
  Doi = {http://dx.doi.org/10.1016/j.cogpsych.2015.07.001},
  Psyarxiv = {https://doi.org/10.31234/osf.io/urgxh}
}


@Article{DeDeyne_2014_adjectives,
  Author = {S. De Deyne and W. Voorspoels and S. Veryheyen and D.J. Navarro and G. Storms},
  Journal = {Language and Cognitive Processes},
  Pages = {568-583},
  Title = {Accounting for graded structure in adjective categories with valence-based opposition relationships},
  Volume = {29},
  Year = {2014},
  Doi = {http://dx.doi.org/10.1080/01690965.2013.794294},
  Psyarxiv = {https://dx.doi.org/10.31234/osf.io/9bfrd}
}


@Conference{Hendrickson_2014_battleshipscogsci,
  Author = {A. Hendrickson and A. Perfors and D.J. Navarro},
  Booktitle = {Proceedings of the 36th Annual Conference of the Cognitive Science Society},
  Editor = {P. Bellow and M. Guarani and M. McShane and B. Scassellati},
  Pages = {607-612},
  Publisher = {Cognitive Science Society},
  Title = {Adaptive information source selection during hypothesis testing},
  Year = {2014}
}


@Conference{Langsford_2014_sparsity,
  Author = {S. Langsford and A. Hendrickson and A. Perfors and D.J. Navarro},
  Booktitle = {Proceedings of the 36th Annual Conference of the Cognitive Science Society},
  Editor = {P. Bellow and M. Guarani and M. McShane and B. Scassellati},
  Pages = {2531-2536},
  Publisher = {Cognitive Science Society},
  Title = {People are sensitive to hypothesis sparsity during category discrimination},
  Year = {2014}
}


@Conference{Navarro_2014_obsbet,
  Author = {D.J. Navarro and B. Newell},
  Booktitle = {Proceedings of the 36th Annual Conference of the Cognitive Science Society},
  Editor = {P. Bellow and M. Guarani and M. McShane and B. Scassellati},
  Pages = {1054-1059},
  Publisher = {Cognitive Science Society},
  Title = {Information versus reward in a changing world},
  Year = {2014}
}


@Article{Perfors_2014_iterated,
  Author = {A. Perfors and D.J. Navarro},
  Journal = {Cognitive Science},
  Pages = {775-793},
  Title = {Language evolution can be shaped by the structure of the world},
  Volume = {38},
  Year = {2014},
  Doi = {http://dx.doi.org/10.1111/cogs.12102},
  Psyarxiv = {https://dx.doi.org/10.31234/osf.io/m738c}
}


@Conference{Perfors_2014_typestokens,
  Author = {A. Perfors and K. Ransom and D.J. Navarro},
  Booktitle = {Proceedings of the 36th Annual Conference of the Cognitive Science Society},
  Editor = {P. Bellow and M. Guarani and M. McShane and B. Scassellati},
  Pages = {2759-2764},
  Publisher = {Cognitive Science Society},
  Title = {People ignore token frequency when deciding how widely to generalize},
  Year = {2014}
}


@Conference{Vong_2014_semisupervisedcogsci,
  Author = {W.K. Vong and A. Perfors and D.J. Navarro},
  Booktitle = {Proceedings of the 36th Annual Conference of the Cognitive Science Society},
  Editor = {P. Bellow and M. Guarani and M. McShane and B. Scassellati},
  Pages = {1718-1723},
  Publisher = {Cognitive Science Society},
  Title = {The relevance of labels in semi-supervised learning depends on category structure},
  Year = {2014}
}


@Conference{DeDeyne_2013_associativestrength,
  Author = {S. De Deyne and D.J. Navarro and G. Storms},
  Booktitle = {Proceedings of the 35th Annual Conference of the Cognitive Science Society},
  Editor = {M. Knauff and M. Pauen and N. Sebanz and I. Wachsmuth},
  Pages = {2142-2147},
  Title = {Associative strength and semantic activation in the mental lexicon: evidence from continued word associations},
  Year = {2013}
}


@Article{DeDeyne_2013_swow,
  Author = {S. De Deyne and D.J. Navarro and G. Storms},
  Journal = {Behavior Research Methods},
  Pages = {480-498},
  Title = {Better explanations of lexical and semantic cognition using networks derived from continued rather than single word associations},
  Volume = {45},
  Year = {2013},
  Doi = {http://dx.doi.org/10.3758/s13428-012-0260-7},
  Psyarxiv = {https://dx.doi.org/10.31234/osf.io/kumwj},
  Issn = {1554-3528}
}


@Article{Ejova_2013_successslope,
  Author = {A. Ejova and D.J. Navarro and P.D. Delfabbro},
  Journal = {Judgment and Decision Making},
  Pages = {498-511},
  Title = {Success-slope effects on the illusion of control and on remembered success-frequency},
  Volume = {8},
  Year = {2013}
}


@Article{Fuss_2013_openprocess,
  Author = {I. Fuss and D.J. Navarro},
  Journal = {Topics in Cognitive Science},
  Pages = {818-843},
  Title = {Open parallel cooperative and competitive decision processes: {A} potential provenance for quantum probability decision models},
  Volume = {5},
  Year = {2013},
  Doi = {http://dx.doi.org/10.1111/tops.12045},
  Issn = {1756-8765}
}


@Conference{Navarro_2013_speciessampling,
  Author = {D.J. Navarro},
  Booktitle = {Proceedings of the 35th Annual Conference of the Cognitive Science Society},
  Editor = {M. Knauff and M. Pauen and N. Sebanz and I. Wachsmuth},
  Pages = {1061-1066},
  Title = {Finding hidden types: Inductive inference in long-tailed environments},
  Year = {2013}
}


@Article{Navarro_2013_quantummechanics,
  Author = {D.J. Navarro and I. Fuss},
  Journal = {Behavioral and Brain Sciences},
  Pages = {299-300},
  Title = {What are the mechanics of quantum cognition? {C}omment on {P}othos \& {B}usemeyer},
  Volume = {36},
  Year = {2013},
  Doi = {http://dx.doi.org/10.1017/S0140525X12003056},
  Issn = {1469-1825}
}


@Article{Navarro_2013_changingcategories,
  Author = {D.J. Navarro and A. Perfors and W.K. Vong},
  Journal = {Memory and Cognition},
  Pages = {917-927},
  Title = {Learning time-varying categories},
  Volume = {41},
  Year = {2013},
  Doi = {http://dx.doi.org/10.3758/s13421-013-0309-6},
  Issue = {6}
}


@Conference{Vong_2013_twocatsampling,
  Author = {W.K. Vong and A. Hendrickson and A. Perfors and D.J. Navarro},
  Booktitle = {Proceedings of the 35th Annual Conference of the Cognitive Science Society},
  Editor = {M. Knauff and M. Pauen and N. Sebanz and I. Wachsmuth},
  Pages = {3699-3704},
  Title = {The role of sampling assumptions in generalization with multiple categories},
  Year = {2013}
}


@Article{Butavicius_2012_emailvis,
  Author = {M.A. Butavicius and M.D. Lee and B.M. Pincombe and L.G. Mullen and D.J. Navarro and K.M. Parsons and A. McCormac},
  Journal = {International Journal of Human-Computer Studies},
  Pages = {432-449},
  Publisher = {Academic Press},
  Title = {An assessment of email and spontaneous dialogue visualizations},
  Volume = {70},
  Year = {2012},
  Doi = {http://dx.doi.org/10.1016/j.ijhcs.2012.02.002},
  Issn = {1071-5819}
}


@Inproceedings{DeDeyne_2012_weaksimilaritycogsci,
  Address = {Austin, TX},
  Author = {S. De Deyne and D.J. Navarro and A. Perfors and G. Storms},
  Booktitle = {Proceedings of the 34th Annual Conference of the Cognitive Science Society},
  Editor = {N. Miyake and D. Peebles and R.P. Cooper},
  Pages = {1464-1469},
  Publisher = {Cognitive Science Society},
  Title = {Strong structure in weak semantic similarity: {A} graph based account},
  Year = {2012},
  Isbn = {9780976831884}
}


@Article{Navarro_2012_samplingassumptions,
  Author = {D.J. Navarro and M.J. Dry and M.D. Lee},
  Journal = {Cognitive Science},
  Pages = {187-223},
  Title = {Sampling assumptions in inductive generalization},
  Volume = {36},
  Year = {2012},
  Doi = {http://dx.doi.org/10.1111/j.1551-6709.2011.01212.x},
  Psyarxiv = {https://dx.doi.org/10.31234/osf.io/v8z7x},
  Issn = {1551-6709}
}


@Inproceedings{Navarro_2012_changingcategories,
  Address = {Austin, TX},
  Author = {D.J. Navarro and A. Perfors},
  Booktitle = {Proceedings of the 34th Annual Conference of the Cognitive Science Society},
  Editor = {N. Miyake and D. Peebles and R.P. Cooper},
  Pages = {809-814},
  Publisher = {Cognitive Science Society},
  Title = {Anticipating changes: {A}daptation and extrapolation in category learning},
  Year = {2012},
  Isbn = {978-0-9768318-8-4}
}


@Incollection{Perfors_2012_statisticallearning,
  Author = {A. Perfors and D.J. Navarro},
  Booktitle = {Statistical learning and language acquisition},
  Editor = {P. Rebuschat and J. Williams},
  Pages = {383-408},
  Publisher = {Mouton de Gruyter},
  Title = {What {B}ayesian modelling can tell us about statistical learning: {W}hat it requires and why it works},
  Year = {2012},
  Doi = {http://dx.doi.org/10.1515/9781934078242},
  Isbn = {978-1-93407-823-5}
}


@Article{Shafto_2012_epistemictrust,
  Author = {P. Shafto and B. Eaves and D.J. Navarro and A. Perfors},
  Journal = {Developmental Science},
  Pages = {436-447},
  Publisher = {Blackwell Publishing Ltd},
  Title = {Epistemic trust: {M}odeling children's reasoning about others' knowledge and intent},
  Volume = {15},
  Year = {2012},
  Doi = {http://dx.doi.org/10.1111/j.1467-7687.2012.01135.x},
  Psyarxi = {https://dx.doi.org/10.31234/osf.io/v8z7x},
  Issn = {1467-7687}
}


@Article{Welsh_2012_seebel,
  Author = {M.B. Welsh and D.J. Navarro},
  Journal = {Organizational Behavior and Human Decision Processes},
  Pages = {1-14},
  Title = {Seeing is believing: {P}riors, trust, and base rate neglect},
  Volume = {119},
  Year = {2012},
  Doi = {http://dx.doi.org/10.1016/j.obhdp.2012.04.001},
  Issn = {0749-5978}
}


@Incollection{Bruza_2011_anchoring,
  Address = {Austin, TX},
  Author = {B. Bruza and M.B. Welsh and D.J. Navarro and S.H. Begg},
  Booktitle = {Proceedings of the 33rd Annual Conference of the Cognitive Science Society},
  Pages = {1947-1952},
  Publisher = {Cognitive Science Society},
  Title = {Does anchoring cause overconfidence only in experts?},
  Year = {2011},
  Isbn = {978-0-9768318-7-7}
}


@Incollection{DeDeyne_2011_adjectivescogsci,
  Address = {Austin, TX},
  Author = {S. De Deyne and W. Voorspoels and S. Verheyen and D.J. Navarro and G. Storms},
  Booktitle = {Proceedings of the 33rd Annual Conference of the Cognitive Science Society},
  Journal = {Proceedings of the 33rd Annual Conference of the Cognitive Science Society},
  Pages = {1834-1839},
  Publisher = {Cognitive Science Society},
  Title = {Graded structure in adjective categories},
  Year = {2011},
  Isbn = {978-0-9768318-7-7}
}


@Incollection{Gokaydin_2011_sequentialeffectscogsci,
  Address = {Austin, TX},
  Author = {D. G\"okaydin, D. and A. Ma-Wyatt, A. and D.J. Navarro and A. Perfors},
  Booktitle = {Proceedings of the 33rd Annual Conference of the Cognitive Science Society},
  Pages = {543-548},
  Publisher = {Cognitive Science Society},
  Title = {Humans use different statistics for sequence analysis depending on the task},
  Year = {2011},
  Isbn = {978-0-9768318-7-7}
}


@Incollection{Griffiths_2011_willschapter,
  Address = {Cambridge, UK},
  Author = {T.L. Griffiths and A.N. Sanborn and K.R. Canini and D.J. Navarro and J.B. Tenenbaum},
  Booktitle = {Formal approaches in categorization},
  Editor = {E.M. Pothos and A. Wills},
  Pages = {173-198},
  Publisher = {Cambridge University Press},
  Title = {Nonparametric {B}ayesian models of categorization},
  Year = {2011},
  Isbn = {978-05211-407-2-0}
}


@Incollection{Montague_2011_lyingcogsci,
  Address = {Austin, TX},
  Author = {R. Montague and D.J. Navarro and A. Perfors and R. Warner and P. Shafto},
  Booktitle = {Proceedings of the 33rd Annual Conference of the Cognitive Science Society},
  Editor = {L. Carlson and C. Hoelscher and T.F. Shipley},
  Pages = {1312-1317},
  Publisher = {Cognitive Science Society},
  Title = {To catch a liar: {T}he effects of truthful and deceptive testimony on inferential learning},
  Year = {2011},
  Isbn = {978-0-9768318-7-7}
}


@Article{Navarro_2011_positivetest,
  Author = {D.J. Navarro and A. Perfors},
  Journal = {Psychological Review},
  Pages = {120-34},
  Title = {Hypothesis generation, the positive test strategy, and sparse categories},
  Volume = {118},
  Year = {2011},
  Doi = {http://dx.doi.org/10.1037/a0021110},
  Psyarxiv = {https://dx.doi.org/10.31234/osf.io/rj9kt},
  Issn = {1939-1471}
}


@Article{Navarro_2011_enlightenment,
  Author = {D.J. Navarro and A. Perfors},
  Journal = {Behavioral and Brain Sciences},
  Pages = {207-208},
  Publisher = {Cambridge University Press},
  Title = {Enlightenment grows from fundamentals: {C}omment on {J}ones and {L}ove},
  Volume = {34},
  Year = {2011},
  Doi = {http://dx.doi.org/10.1017/S0140525X11000367},
  Issn = {1469-1825}
}


@Incollection{Perfors_2011_iteratedcogsci,
  Address = {Austin, TX},
  Author = {A. Perfors and D.J. Navarro},
  Booktitle = {Proceedings of the 33rd Annual Conference of the Cognitive Science Society},
  Editor = {L. Carlson and C. Hoelscher and T.F. Shipley},
  Pages = {477-482},
  Publisher = {Cognitive Science Society},
  Title = {Language evolution is shaped by the structure of the world: {A}n iterated learning analysis},
  Year = {2011},
  Isbn = {978-0-9768318-7-7}
}


@Incollection{Welsh_2011_numberpreference,
  Address = {Austin, TX},
  Author = {M.B. Welsh and D.J. Navarro and S.H. Begg},
  Booktitle = {Proceedings of the 33rd Annual Conference of the Cognitive Science Society},
  Editor = {L. Carlson and C. Hoelscher and T.F. Shipley},
  Pages = {1521-1526},
  Publisher = {Cognitive Science Society},
  Title = {Number preference, precision and implicit confidence},
  Year = {2011},
  Isbn = {978-0-9768318-7-7}
}


@Incollection{Bruza_2010_probability,
  Address = {Austin, TX},
  Author = {B. Bruza and M.B. Welsh and D.J. Navarro and S.H. Begg},
  Booktitle = {Proceedings of the 32nd Annual Meeting of the Cognitive Science Society},
  Editor = {S. Ohlsson and R. Catrambone},
  Pages = {1792-1797},
  Publisher = {Cognitive Science Society},
  Title = {In what sense is {P(A| B) P(B)= P(A,B)}? {T}he relationship between distributional format and subjective probability estimates},
  Year = {2010},
  Isbn = {978-0-9768318-6-0}
}


@Incollection{Ejova_2010_iocconference,
  Address = {Sydney},
  Author = {A. Ejova and P.H. Delfabbro and D.J. Navarro},
  Booktitle = {ASCS09: Proceedings of the 9th conference of the Australasian society for cognitive science},
  Editor = {W. Christensen and E. Schier and J. Sutton},
  Pages = {84-92},
  Publisher = {Macquarie Centre for Cognitive Science},
  Title = {The illusion of control: {S}tructure, measurement and dependence on reinforcement frequency in the context of a laboratory gambling task},
  Year = {2010},
  Doi = {http://dx.doi.org/10.5096/ASCS200914},
  Isbn = {978-0-646-52918-9}
}


@Incollection{Maurits_2010_basicwordorder,
  Author = {L. Maurits and A. Perfors and D.J. Navarro},
  Booktitle = {Advances in Neural Information Processing Systems},
  Editor = {J. Lafferty and CKI Williams and J. Shawe-Taylor and R.S. Zemel and A. Culotta},
  Pages = {1585-1593},
  Title = {Why are some word orders more common than others? {A} uniform information density account},
  Volume = {23},
  Year = {2010},
  Isbn = {978-16178-238-0-0}
}


@Incollection{Navarro_2010_knowledgepartitioning,
  Author = {D.J. Navarro},
  Booktitle = {Advances in Neural Information Processing Systems},
  Editor = {J. Lafferty and CKI Williams and J. Shawe-Taylor and R.S. Zemel and A. Culotta},
  Pages = {1795-1803},
  Title = {Learning the context of a category},
  Volume = {23},
  Year = {2010},
  Isbn = {978-16178-238-0-0}
}


@Article{Navarro_2010_featurediscovery,
  Author = {D.J. Navarro and A. Perfors},
  Journal = {Acta Psychologica},
  Number = {3},
  Pages = {256-268},
  Title = {Similarity, feature discovery, and the size principle},
  Volume = {133},
  Year = {2010},
  Doi = {http://dx.doi.org/10.1016/j.actpsy.2009.10.008},
  Psyarxiv = {https://dx.doi.org/10.31234/osf.io/da4wb},
  Issn = {0001-6918}
}


@Incollection{Perfors_2010_labels,
  Address = {Austin, TX},
  Author = {A. Perfors and D.J. Navarro},
  Booktitle = {Proceedings of the 32nd Annual Meeting of the Cognitive Science Society},
  Editor = {S. Ohlsson and R. Catrambone},
  Pages = {1834-1839},
  Publisher = {Cognitive Science Society},
  Title = {How does the presence of a label affect attention to other features?},
  Year = {2010},
  Isbn = {978-0-9768318-6-0}
}


@Article{Sanborn_2010_particlefilters,
  Author = {A.N. Sanborn and T.L. Griffiths and D.J. Navarro},
  Journal = {Psychological Review},
  Number = {4},
  Pages = {1144-1167},
  Publisher = {American Psychological Association},
  Title = {Rational approximations to rational models: {A}lternative algorithms for category learning.},
  Volume = {117},
  Year = {2010},
  Doi = {http://psycnet.apa.org/doi/10.1037/a0020511},
  Psyarxiv = {https://dx.doi.org/10.31234/osf.io/qj42m},
  Issn = {1939-1471}
}


@Incollection{Stephens_2010_causalstrength,
  Address = {Sydney},
  Author = {R.G. Stephens and D.J. Navarro and J.C. Dunn and M.D. Lee},
  Booktitle = {ASCS09: Proceedings of the 9th conference of the Australasian society for cognitive science},
  Editor = {W. Christensen and E. Schier and J. Sutton},
  Publisher = {Macquarie Centre for Cognitive Science},
  Title = {The effect of causal strength on the use of causal and similarity-based information in feature inference},
  Year = {2010},
  Doi = {http://dx.doi.org/10.5096/ASCS200949},
  Isbn = {978-0-646-52918-9}
}


@Incollection{Stephens_2010_labels,
  Address = {Austin, TX},
  Author = {R.G. Stephens and A. Perfors and D.J. Navarro},
  Booktitle = {Proceedings of the 32nd Annual Meeting of the Cognitive Science Society},
  Editor = {S. Ohlsson and R. Catrambone},
  Pages = {1411-1416},
  Publisher = {Cognitive Science Society},
  Title = {Social context effects on the impact of category labels},
  Year = {2010},
  Isbn = {978-0-9768318-6-0}
}


@Article{Walwyn_2010_tsp,
  Author = {A.L. Walwyn and D.J. Navarro},
  Journal = {The Journal of Problem Solving},
  Number = {1},
  Pages = {93-105},
  Title = {Minimal paths in the city block: {H}uman performance on {E}uclidean and non-{E}uclidean traveling salesperson problems},
  Volume = {3},
  Year = {2010},
  Issn = {1932-6246}
}


@Incollection{Dry_2009_constellations,
  Address = {Austin, TX},
  Author = {M.J. Dry and D.J. Navarro and K. Preiss and M.D. Lee},
  Booktitle = {Proceedings of the 32nd Annual Meeting of the Cognitive Science Society},
  Editor = {N. Taatgen and H. Rijn and L. Schomaker and J. Nerbonne},
  Pages = {1151-1156},
  Publisher = {Cognitive Science Society},
  Title = {The perceptual organization of point constellations},
  Year = {2009},
  Isbn = {978-0-9768318-5-3}
}


@Incollection{Ejova_2009_walkaway,
  Address = {Austin, TX},
  Author = {A. Ejova and D.J. Navarro and A.F. Perfors},
  Booktitle = {Proceedings of the 32nd Annual Meeting of the Cognitive Science Society},
  Editor = {N. Taatgen and H. Rijn and L. Schomaker and J. Nerbonne},
  Pages = {1258-1263},
  Publisher = {Cognitive Science Society},
  Title = {When to walk away: {T}he effect of variability on keeping options viable},
  Year = {2009},
  Isbn = {978-0-9768318-5-3}
}


@Article{Grunwald_2009_nmlbayes,
  Author = {P. Gr{\"u}nwald, P. and D.J. Navarro},
  Journal = {Journal of Mathematical Psychology},
  Number = {1},
  Pages = {43-51},
  Publisher = {Elsevier},
  Title = {NML}, {B}ayes and true distributions: {A} comment on {K}arabatsos and {W}alker (2006)},
  Volume = {53},
  Year = {2009},
  Doi = {http://dx.doi.org/10.1016/j.jmp.2008.11.005},
  Psyarxiv = {https://dx.doi.org/10.31234/osf.io/szv7n},
  Issn = {0022-2496}
}


@Incollection{Maurits_2009_wordorder,
  Address = {Austin, TX},
  Author = {L. Maurits and A.F. Perfors and D.J. Navarro},
  Booktitle = {Proceedings of the 32nd Annual Meeting of the Cognitive Science Society},
  Editor = {N. Taatgen and H. Rijn and L. Schomaker and J. Nerbonne},
  Pages = {1728-1733},
  Publisher = {Cognitive Science Society},
  Title = {Joint acquisition of word order and word reference},
  Year = {2009},
  Isbn = {978-0-9768318-5-3}
}


@Incollection{MaWyatt_2009_sequential,
  Address = {Austin, TX},
  Author = {A. Ma-Wyatt, A. and D.J. Navarro},
  Booktitle = {Proceedings of the 32nd Annual Meeting of the Cognitive Science Society},
  Editor = {N. Taatgen and H. Rijn and L. Schomaker and J. Nerbonne},
  Pages = {1424-1429},
  Publisher = {Cognitive Science Society},
  Title = {Using sequential structure to improve visuomotor control},
  Year = {2009},
  Isbn = {978-0-9768318-5-3}
}


@Article{Navarro_2009_firstpassage,
  Author = {D.J. Navarro and I. Fuss},
  Journal = {Journal of Mathematical Psychology},
  Number = {4},
  Pages = {222-230},
  Publisher = {Elsevier},
  Title = {Fast and accurate calculations for first-passage times in {W}iener diffusion models},
  Volume = {53},
  Year = {2009},
  Doi = {http://dx.doi.org/10.1016/j.jmp.2009.02.003},
  Psyarxiv = {https://dx.doi.org/10.31234/osf.io/4v9xt},
  Issn = {0022-2496}
}


@Incollection{Navarro_2009_changingcategories,
  Address = {Austin, TX},
  Author = {D.J. Navarro and A. Perfors},
  Booktitle = {Proceedings of the 31st Annual Conference of the Cognitive Science Society},
  Editor = {N. Taatgen and H. Rijn and L. Schomaker and J. Nerbonne},
  Pages = {412-424},
  Publisher = {Cognitive Science Society},
  Title = {Learning time-varying categories},
  Year = {2009},
  Isbn = {978-0-9768318-5-3}
}


@Article{ODoherty_2009_risks,
  Author = {K.C. O'Doherty, K. C. and D.J. Navarro and S.H. Crabb},
  Journal = {Theory \& Psychology},
  Number = {4},
  Pages = {475-500},
  Publisher = {SAGE Publications},
  Title = {A qualitative approach to the study of causal reasoning in natural language: {T}he domain of genes, risks and cancer},
  Volume = {19},
  Year = {2009},
  Doi = {http://dx.doi.org/10.1177/0959354309336321},
  Issn = {1461-7447}
}


@Incollection{Perfors_2009_confirmation,
  Address = {Austin, TX},
  Author = {A. Perfors and D.J. Navarro},
  Booktitle = {Proceedings of the 32nd Annual Meeting of the Cognitive Science Society},
  Editor = {N. Taatgen and H. Rijn and L. Schomaker and J. Nerbonne},
  Pages = {2471-2476},
  Publisher = {Cognitive Science Society},
  Title = {Confirmation bias is rational when hypotheses are sparse},
  Year = {2009},
  Isbn = {978-0-9768318-5-3}
}


@Incollection{Bruza_2008_memory,
  Address = {Austin, TX},
  Author = {B. Bruza and M.B. Welsh and D.J. Navarro},
  Booktitle = {Proceedings of the 30th Annual Conference of the Cognitive Science Society},
  Editor = {V. Sloutsky and B. Love and K. McRae},
  Pages = {1498-1503},
  Publisher = {Cognitive Science Society},
  Title = {Does memory mediate susceptibility to cognitive biases? {I}mplications of the decision-by-sampling theory},
  Year = {2008},
  Isbn = {978-0-9768318-4-6}
}


@Incollection{Fuss_2008_quantumrtcogsci,
  Address = {Austin, TX},
  Author = {I. Fuss and D.J. Navarro},
  Booktitle = {Proceedings of the 30th Annual Conference of the Cognitive Science Society},
  Editor = {V. Sloutsky and B. Love and K. McRae},
  Pages = {1460-1465},
  Publisher = {Cognitive Science Society},
  Title = {Response time distributions in partially-coherent quantum walk models for simple decision tasks},
  Year = {2008},
  Isbn = {978-0-9768318-4-6}
}


@Incollection{Fuss_2008_quantumrtqi,
  Address = {London, UK},
  Author = {I. Fuss and D.J. Navarro},
  Booktitle = {Proceedings of the Second Quantum Interaction Symposium},
  Editor = {P.D. Bruza and W. Lawless and K.V. Rijsbergen and D.A. Sofge and B. Coeke and S. Clark},
  Pages = {75-82},
  Publisher = {College Publications},
  Title = {Partially coherent quantum models for human two-choice decisions},
  Year = {2008},
  Isbn = {978-19049-877-7-2}
}


@Incollection{Gilliland_2008_rogerrabbit,
  Address = {Austin, TX},
  Author = {V. Gilliland and J.C. Dunn and D.J. Navarro},
  Booktitle = {Proceedings of the 30th Annual Conference of the Cognitive Science Society},
  Editor = {V. Sloutsky and B. Love and K. McRae},
  Pages = {1005-1010},
  Publisher = {Cognitive Science Society},
  Title = {Who framed {R}oger {R}abbit? {T}he effect of legal role and frame on the outcome of civil disputes},
  Year = {2008},
  Isbn = {978-0-9768318-4-6}
}


@Incollection{Griffiths_2008_probmind,
  Address = {Oxford},
  Author = {T.L. Griffiths and A.N. Sanborn and K.R. Canini and D.J. Navarro},
  Booktitle = {The Probabilistic Mind: Prospects for {B}ayesian Cognitive Science},
  Editor = {M. Oaksford and N. Chater},
  Pages = {303-328},
  Publisher = {Oxford University Press},
  Title = {Categorization as nonparametric {B}ayesian density estimation},
  Year = {2008},
  Doi = {http://dx.doi.org/10.1093/acprof:oso/9780199216093.001.0001},
  Isbn = {978-01992-160-9-3}
}


@Article{Navarro_2008_ibpadclus,
  Author = {D.J. Navarro and T.L. Griffiths},
  Journal = {Neural Computation},
  Pages = {2597-2628},
  Title = {Latent features in similarity judgments: {A} nonparametric {B}ayesian approach},
  Volume = {20},
  Year = {2008},
  Doi = {http://dx.doi.org/10.1162/neco.2008.04-07-504},
  Psyarxiv = {https://dx.doi.org/10.31234/osf.io/47cz2},
  Issn = {1530-888X}
}


@Incollection{Navarro_2008_bayesgen,
  Address = {Austin, TX},
  Author = {D.J. Navarro and M.D. Lee and M.J. Dry and B. Schultz},
  Booktitle = {Proceedings of the 30th Annual Conference of the Cognitive Science Society},
  Editor = {V. Sloutsky and B. Love and K. McRae},
  Pages = {1746-1751},
  Publisher = {Cognitive Science Society},
  Title = {Extending and testing the {B}ayesian theory of generalization},
  Year = {2008},
  Isbn = {978-0-9768318-4-6}
}


@Incollection{Schultz_2008_ffrt,
  Address = {Austin, TX},
  Author = {B. Schultz and D.J. Navarro},
  Booktitle = {Proceedings of the 30th Annual Conference of the Cognitive Science Society},
  Editor = {V. Sloutsky and B. Love and K. McRae},
  Pages = {547-552},
  Publisher = {Cognitive Science Society},
  Title = {A test of the decision-time predictions of the 'take the best' model},
  Year = {2008},
  Isbn = {978-0-9768318-4-6}
}


@Incollection{Stephens_2008_greebles,
  Address = {Austin, TX},
  Author = {R.G. Stephens and D.J. Navarro},
  Booktitle = {Proceedings of the 30th Annual Conference of the Cognitive Science Society},
  Editor = {V. Sloutsky and B. Love and K. McRae},
  Pages = {1996-2001},
  Publisher = {Cognitive Science Society},
  Title = {One of these greebles is not like the others: {S}emi-supervised models for similarity structures},
  Year = {2008},
  Isbn = {978-0-9768318-4-6}
}


@Incollection{GriffithsC_2007_hdp,
  Address = {Austin, TX},
  Author = {T.L. Griffiths and K.R. Canini and A.N. Sanborn and D.J. Navarro},
  Booktitle = {Proceedings of the 29th Annual Conference of the Cognitive Science Society},
  Editor = {D.S. McNamara and J.G. Trafton},
  Pages = {323-328},
  Publisher = {Cognitive Science Society},
  Title = {Unifying rational models of categorization via the hierarchical {Dirichlet} process},
  Year = {2007},
  Psyarxiv = {https://dx.doi.org/10.31234/osf.io/ketw3},
  Isbn = {978-0-9768318-3-9}
}


@Incollection{Lee_2007_rtapprox,
  Author = {M.D. Lee and I. Fuss and D.J. Navarro},
  Booktitle = {Advances in Neural Information Processing Systems},
  Editor = {B. Scholkopf and J. Platt and T. Hoffman},
  Pages = {809-815},
  Title = {A {Bayesian} approach to diffusion models of decision-making and response time},
  Volume = {19},
  Year = {2007},
  Isbn = {0-262-19568-2}
}


@Article{Myung_2007_catmimic,
  Author = {J.I. Myung and M.A. Pitt and D.J. Navarro},
  Journal = {Psychonomic Bulletin and Review},
  Pages = {1043-1050},
  Title = {Does response scaling cause the {G}eneralized {C}ontext {M}odel to mimic a prototype model?},
  Volume = {14},
  Year = {2007},
  Doi = {http://dx.doi.org/10.3758/BF03193089},
  Psyarxiv = {https://dx.doi.org/10.31234/osf.io/ucrq3},
  Issn = {1531-5320}
}


@Article{Navarro_2007_smithcomment,
  Author = {D.J. Navarro},
  Journal = {Psychonomic Bulletin and Review},
  Pages = {823-833},
  Title = {Similarity, distance and categorization: {A} discussion of {S}mith's (2006) warning about "colliding parameters},
  Volume = {14},
  Year = {2007},
  Doi = {http://dx.doi.org/10.3758/BF03194107},
  Issn = {1531-5320}
}


@Article{Navarro_2007_responsescaling,
  Author = {D.J. Navarro},
  Journal = {Journal of Mathematical Psychology},
  Pages = {85-98},
  Title = {On the interaction between exemplar-based concepts and a response scaling process},
  Volume = {51},
  Year = {2007},
  Doi = {http://dx.doi.org/10.1016/j.jmp.2006.11.003},
  Issn = {0022-2496}
}


@Incollection{Navarro_2007_ibpadclusneurips,
  Author = {D.J. Navarro and T.L. Griffiths},
  Booktitle = {Advances in Neural Information Processing Systems},
  Editor = {B. Scholkopf and J. Platt and T. Hoffman},
  Pages = {1033-1040},
  Title = {A nonparametric {Bayesian} method for inferring features from similarity judgments},
  Volume = {19},
  Year = {2007},
  Isbn = {0-262-19568-2}
}


@Incollection{Navarro_2007_mnet,
  Address = {Austin, TX},
  Author = {D.J. Navarro and M.M. Mackay and K.C. O'Doherty},
  Booktitle = {Proceedings of the 29th Annual Conference of the Cognitive Science Society},
  Editor = {D.S. McNamara and J.G. Trafton},
  Pages = {527-532},
  Publisher = {Cognitive Science Society},
  Title = {Understanding user behavior using cognitive models},
  Year = {2007},
  Isbn = {978-0-9768318-3-9}
}


@Incollection{Vanpaemel_2007_repshifts,
  Address = {Austin, TX},
  Author = {W. Vanpaemel and D.J. Navarro},
  Booktitle = {Proceedings of the 29th Annual Conference of the Cognitive Science Society},
  Editor = {D.S. McNamara and J.G. Trafton},
  Pages = {1599-1604},
  Publisher = {Cognitive Science Society},
  Title = {Representational shifts during category learning},
  Year = {2007},
  Isbn = {978-0-9768318-3-9}
}


@Incollection{Welsh_2007_seebelcogsci,
  Address = {Austin, TX},
  Author = {M.B. Welsh and D.J. Navarro},
  Booktitle = {Proceedings of the 29th Annual Conference of the Cognitive Science Society},
  Editor = {D.S. McNamara and J.G. Trafton},
  Pages = {701-705},
  Publisher = {Cognitive Science Society},
  Title = {Seeing is believing: {Priors}, trust and base rate neglect},
  Year = {2007},
  Isbn = {978-0-9768318-3-9}
}


@Article{MyungNavarroPitt2006,
  Author = {J.I. Myung and D.J. Navarro and M.A. Pitt},
  Journal = {Journal of Mathematical Psychology},
  Pages = {167-179},
  Title = {Model selection by {Normalized} {Maximum} {Likelihood},
  Volume = {50},
  Year = {2006},
  Doi = {http://dx.doi.org/10.1016/j.jmp.2005.06.008},
  Issn = {0022-2496}
}


@Incollection{Navarro2006,
  Address = {Mahwah, NJ},
  Author = {D.J. Navarro},
  Booktitle = {Proceedings of the 28th Annual Conference of the Cognitive Science Society},
  Pages = {621-626},
  Publisher = {Lawrence Erlbaum},
  Title = {From natural kinds to complex categories},
  Year = {2006},
  Isbn = {978-0-9768318-2-2}
}


@Article{NavarroGriffithsSteyversLee2006,
  Author = {D.J. Navarro and T.L. Griffiths and M. Steyvers and M.D. Lee},
  Journal = {Journal of Mathematical Psychology},
  Pages = {101-122},
  Title = {Modeling individual differences using {Dirichlet} processes},
  Volume = {50},
  Year = {2006},
  Doi = {http://dx.doi.org/10.1016/j.jmp.2005.11.006},
  Issn = {0022-2496}
}


@Article{PittKimNavarroMyung2006,
  Author = {M.A. Pitt and W. Kim and D.J. Navarro and J.I. Myung},
  Journal = {Psychological Review},
  Pages = {57-83},
  Title = {Global model analysis by parameter space partitioning},
  Volume = {113},
  Year = {2006},
  Doi = {http://dx.doi.org/10.1037/0033-295X.113.1.57},
  Issn = {1939-1471}
}


@Incollection{SanbornGriffithsNavarro2006,
  Address = {Mahwah, NJ},
  Author = {A.N. Sanborn and T.L. Griffiths and D.J. Navarro},
  Booktitle = {Proceedings of the 28th Annual Conference of the Cognitive Science Society},
  Editor = {R. Sun and N. Miyake},
  Pages = {726-731},
  Publisher = {Lawrence Erlbaum},
  Title = {A more rational model of categorization},
  Year = {2006},
  Isbn = {978-0-9768318-2-2}
}


@Incollection{LeeNavarro2005,
  Address = {Cambridge, MA},
  Author = {M.D. Lee and D.J. Navarro},
  Booktitle = {Advances in Minimum Description Length: Theory and Applications},
  Editor = {P. Gr\"unwald, P. and I.J. Myung and M.A. Pitt},
  Pages = {355-384},
  Publisher = {MIT Press},
  Title = {Minimum description length and psychological clustering models},
  Year = {2005},
  Isbn = {978-02620-726-2-5}
}


@Incollection{MyungNavarro2005,
  Address = {Chichester, UK},
  Author = {J.I. Myung and D.J. Navarro},
  Booktitle = {Encyclopedia of Behavioral Statistics},
  Editor = {B. Everitt and D. Howell},
  Pages = {923-924},
  Publisher = {Wiley},
  Title = {Information matrix},
  Volume = {2},
  Year = {2005},
  Isbn = {978-047086-080-9}
}


@Incollection{MyungPittNavarro2005,
  Author = {J.I. Myung and M.A. Pitt and D.J. Navarro},
  Booktitle = {Proceedings of the IS\&T/SPIE Electronic Imaging 2005, vol 5674 (Computational Imaging III)},
  Editor = {C.A. Bouman and E.L. Miller},
  Pages = {219-228},
  Title = {Model selection in cognitive science as an inverse problem},
  Year = {2005},
  Doi = {http://dx.doi.org/10.1117/12.610320},
  Isbn = {978-0-8194-5647-2}
}


@Article{Navarro2005,
  Author = {D.J. Navarro},
  Journal = {Journal of Mathematical Psychology},
  Pages = {259-275},
  Title = {Analyzing the {RULEX} model of category learning},
  Volume = {49},
  Year = {2005},
  Doi = {http://dx.doi.org/10.1016/j.jmp.2005.04.001},
  Issn = {0022-2496}
}


@Incollection{NavarroGriffithsSteyversLee2005,
  Address = {Mahwah, NJ},
  Author = {D.J. Navarro and T.L. Griffiths and M. Steyvers and M.D. Lee},
  Booktitle = {Proceedings of the 27th Annual Conference of the Cognitive Science Society},
  Editor = {B.G. Bara and L.W. Barsalou and M. Bucciarelli},
  Pages = {1594-1599},
  Publisher = {Lawrence Erlbaum},
  Title = {Modeling individual differences with {Dirichlet} processes},
  Year = {2005},
  Isbn = {978-0-9768318-1-5}
}


@Incollection{NavarroLee2005,
  Address = {Piscataway, NJ},
  Author = {D.J. Navarro and M.D. Lee},
  Booktitle = {IEEE International Symposium on Information Theory},
  Pages = {587-591},
  Title = {An application of minimum description length clustering to partitioning learning curves},
  Year = {2005},
  Doi = {http://dx.doi.org/10.1109/ISIT.2005.1523403},
  Isbn = {978-0-7803-9151-2}
}


@Incollection{NavarroLeeNikkerud2005,
  Address = {Mahwah, NJ},
  Author = {D.J. Navarro and M.D. Lee and H. Nikkerud},
  Booktitle = {Proceedings of the 27th Annual Conference of the Cognitive Science Society},
  Editor = {B.G. Bara and L.W. Barsalou and M. Bucciarelli},
  Pages = {1600-1605},
  Publisher = {Lawrence Erlbaum},
  Title = {Learned categorical perception for natural faces},
  Year = {2005},
  Isbn = {978-0-9768318-1-5}
}


@Incollection{NavarroMyung2005,
  Address = {Chichester, UK},
  Author = {D.J. Navarro and J.I. Myung},
  Booktitle = {Encyclopedia of Behavioral Statistics},
  Editor = {B. Everitt and D. Howell},
  Pages = {1239-1242},
  Publisher = {Wiley},
  Title = {Model evaluation and selection},
  Volume = {3},
  Year = {2005},
  Isbn = {978-047086-080-9}
}


@Incollection{PittNavarro2005,
  Address = {New York, NY},
  Author = {M.A. Pitt and D.J. Navarro},
  Booktitle = {Twenty-First Century Psycholinguistics: Four Cornerstones},
  Editor = {A. Cutler},
  Pages = {347-362},
  Publisher = {Lawrence Erlbaum},
  Title = {Tools for learning about computational models},
  Year = {2005},
  Isbn = {978-08058-520-8-0}
}


@Incollection{KimNavarroPittMyung2004,
  Address = {Cambridge, MA},
  Author = {W. Kim and D.J. Navarro and M.A. Pitt and I.J. Myung},
  Booktitle = {Advances in Neural Information Processing Systems},
  Editor = {S. Thrun and L. Saul and B. Scholkopf},
  Pages = {937-944},
  Publisher = {MIT Press},
  Title = {An {MCMC}-based method of comparing connectionist models in cognitive science},
  Volume = {16},
  Year = {2004},
  Isbn = {978-0-262-20152-0}
}


@Article{Navarro2004,
  Author = {D.J. Navarro},
  Journal = {Neural Computation},
  Pages = {1763-1768},
  Title = {A note on the applied use of {MDL} approximations},
  Volume = {16},
  Year = {2004},
  Doi = {http://dx.doi.org/10.1162/0899766041336378},
  Issn = {1530-888X}
}


@Article{NavarroLee2004,
  Author = {D.J. Navarro and M.D. Lee},
  Journal = {Psychonomic Bulletin \& Review},
  Pages = {961-974},
  Title = {Common and distinctive features in stimulus representation: {A} modified version of the contrast model},
  Volume = {11},
  Year = {2004},
  Doi = {http://dx.doi.org/10.3758/BF03196728},
  Issn = {1531-5320}
}


@Article{NavarroPittMyung2004,
  Author = {D.J. Navarro and M.A. Pitt and I.J. Myung},
  Journal = {Cognitive Psychology},
  Pages = {47-84},
  Title = {Assessing the distinguishability of models and the informativeness of data},
  Volume = {49},
  Year = {2004},
  Doi = {http://dx.doi.org/10.1016/j.cogpsych.2003.11.001},
  Issn = {0010-0285}
}


@Article{Navarro2003,
  Author = {D.J. Navarro},
  Journal = {Journal of Mathematical Psychology},
  Pages = {241-243},
  Title = {Regarding the complexity of additive clustering models: {Comment} on {Lee} (2001)},
  Volume = {47},
  Year = {2003},
  Doi = {http://dx.doi.org/10.1016/S0022-2496(02)00026-3},
  Issn = {0022-2496}
}


@Incollection{NavarroLee2003,
  Address = {Cambridge, MA},
  Author = {D.J. Navarro and M.D. Lee},
  Booktitle = {Advances in Neural Information Processing Systems},
  Editor = {S. Becker and S. Thrun and K. Obermayer},
  Pages = {67-74},
  Publisher = {MIT Press},
  Title = {Combining dimensions and features in similarity-based representations},
  Volume = {15},
  Year = {2003},
  Isbn = {978-0-262-02550-8}
}


@Incollection{NavarroMyungPittKim2003,
  Address = {Mahwah, NJ},
  Author = {D.J. Navarro and I.J. Myung and M.A. Pitt and W. Kim},
  Booktitle = {Proceedings of the 25th Annual Conference of the Cognitive Science Society},
  Editor = {R. Alterman and D. Kirsh},
  Pages = {851-856},
  Publisher = {Lawrence Erlbaum},
  Title = {Global model analysis by landscaping},
  Year = {2003},
  Isbn = {978-08058-499-1-2}
}


@Incollection{LeeChandrasenaNavarro2002,
  Address = {Mahwah, NJ},
  Author = {M.D. Lee and L. Chandrasena and D.J. Navarro},
  Booktitle = {Proceedings of the 24th Annual Conference of the Cognitive Science Society},
  Editor = {W.D. Gray and C.D. Schunn},
  Pages = {478-483},
  Publisher = {Lawrence Erlbaum},
  Title = {Using cognitive decision models to prioritize {E}-mails},
  Year = {2002},
  Isbn = {978-08058-458-1-5}
}


@Article{LeeNavarro2002,
  Author = {M.D. Lee and D.J. Navarro},
  Journal = {Psychonomic Bulletin \& Review},
  Pages = {43-58},
  Title = {Extending the {ALCOVE} model of category learning to featural stimulus domains},
  Volume = {9},
  Year = {2002},
  Doi = {http://dx.doi.org/10.3758/BF03196256},
  Issn = {1531-5320}
}


@Incollection{NavarroLee2002,
  Address = {Mahwah, NJ},
  Author = {D.J. Navarro and M.D. Lee},
  Booktitle = {Proceedings of the 24th Annual Conference of the Cognitive Science Society},
  Editor = {W.D. Gray and C.D. Schunn},
  Pages = {685-690},
  Publisher = {Lawrence Erlbaum},
  Title = {Commonalities and distinctions in featural stimulus representations},
  Year = {2002},
  Isbn = {978-08058-458-1-5}
}


@Incollection{NavarroLee2001,
  Address = {Mahwah, NJ},
  Author = {D.J. Navarro and M.D. Lee},
  Booktitle = {Proceedings of the 23rd Annual Conference of the Cognitive Science Society},
  Editor = {J.D. Moore and K. Stenning},
  Pages = {686-691},
  Publisher = {Lawrence Erlbaum},
  Title = {Clustering using the contrast model},
  Year = {2001},
  Isbn = {978-08058-458-2-7}
}


@Incollection{VickersNavarroLee2000,
  Address = {Piscataway, NJ},
  Author = {D. Vickers and D.J. Navarro and M.D. Lee},
  Booktitle = {KES 2000: Proceedings of the Fourth International Conference on Knowledge-Based Intelligent Engineering Systems & Allied Technologies},
  Editor = {R.J. Howlett and L.C. Jain},
  Pages = {325-328},
  Publisher = {IEEE},
  Title = {Towards a transformational approach to perceptual organisation},
  Volume = {1},
  Year = {2000},
  Doi = {http://dx.doi.org/10.1109/KES.2000.885822},
  Isbn = {978-07803-6400-4}
}
