%% This BibTeX bibliography file was created using BibDesk.
%% http://bibdesk.sourceforge.net/


%% Created for Andrew Hendrickson at 2016-08-06 23:03:12 +0930 


%% Saved with string encoding Unicode (UTF-8) 

@article{kruschke1993human,
  title={Human category learning: Implications for backpropagation models},
  author={Kruschke, John K},
  journal={Connection Science},
  volume={5},
  number={1},
  pages={3--36},
  year={1993},
  publisher={Taylor \& Francis}
}

@article{lee2002extending,
  title={Extending the ALCOVE model of category learning to featural stimulus domains},
  author={Lee, Michael D and Navarro, Daniel J},
  journal={Psychonomic Bulletin \& Review},
  volume={9},
  number={1},
  pages={43--58},
  year={2002},
  publisher={Springer}
}

@article{xu2007word,
	Author = {Xu, Fei and Tenenbaum, Joshua B},
	Date-Modified = {2014-10-21 23:43:39 +0000},
	Journal = {Psychological Review},
	Number = {2},
	Pages = {245--272},
	Publisher = {American Psychological Association},
	Title = {Word learning as {B}ayesian inference.},
	Volume = {114},
	Year = {2007}}

@article{xu2007sensitivity,
	Author = {Xu, Fei and Tenenbaum, Joshua B},
	Journal = {Developmental Science},
	Number = {3},
	Pages = {288--297},
	Publisher = {Wiley Online Library},
	Title = {Sensitivity to sampling in Bayesian word learning},
	Volume = {10},
	Year = {2007}}

@article{tenenbaum2001generalization,
	Author = {Tenenbaum, Joshua B and Griffiths, Thomas L},
	Journal = {Behavioral and Brain Sciences},
	Number = {04},
	Pages = {629--640},
	Publisher = {Cambridge Univ Press},
	Title = {Generalization, similarity, and {B}ayesian inference},
	Volume = {24},
	Year = {2001}}

@article{navarro2012sampling,
	Author = {Navarro, D. J. and Dry, M. J. and Lee, M. D.},
	Journal = {Cognitive Science},
	Number = {2},
	Pages = {187--223},
	Publisher = {Wiley Online Library},
	Title = {Sampling assumptions in inductive generalization},
	Volume = {36},
	Year = {2012}}

@inproceedings{vong2013role,
	Address = {Austin, TX},
	Author = {Vong, W. K. and Hendrickson, A. T. and Perfors, A. and Navarro, D. J.},
	Booktitle = {Proceedings of the 35th annual conference of the {C}ognitive {S}cience {S}ociety},
	Pages = {3699--3704},
	Publisher = {Cognitive Science Society},
	Title = {The role of sampling assumptions in generalization with multiple categories},
	Year = {2013}}

@article{tenenbaum2000rules,
	Author = {Tenenbaum, Joshua B},
	Journal = {Advances in neural information processing systems},
	Pages = {59--65},
	Title = {Rules and similarity in concept learning},
	Volume = {12},
	Year = {2000}}

@article{sanjana2003bayesian,
	Author = {Sanjana, Neville E and Tenenbaum, Joshua B},
	Journal = {Advances in neural information processing systems},
	Pages = {59--66},
	Publisher = {MIT; 1998},
	Title = {Bayesian models of inductive generalization},
	Year = {2003}}

@article{tenenbaum1999bayesian,
	Author = {Tenenbaum, Joshua B},
	Journal = {Advances in neural information processing systems},
	Pages = {59--65},
	Title = {Bayesian modeling of human concept learning},
	Volume = {11},
	Year = {1999}}

@article{hsugriffiths16,
	Author = {Hsu, Anne AND Griffiths, Thomas L.},
	Journal = {PLoS ONE},
	Number = {6},
	Pages = {1-20},
	Publisher = {Public Library of Science},
	Title = {Sampling assumptions affect use of indirect negative evidence in language learning},
	Volume = {11},
	Year = {2016}}

@article{lewis2016understanding,
	Author = {Lewis, Molly L and Frank, Michael C},
	Journal = {Journal of Experimental Psychology: General},
	Title = {Understanding the effect of social context on learning: A replication of {X}u and {T}enenbaum (2007b)},
	Year = {2016}}
