%% This BibTeX bibliography file was created using BibDesk.
%% http://bibdesk.sourceforge.net/


%% Created for Andrew Hendrickson at 2016-08-06 23:03:24 +0930


%% Saved with string encoding Unicode (UTF-8)

@article{cohen2001category,
  title={Category variability, exemplar similarity, and perceptual classification},
  author={Cohen, Andrew L and Nosofsky, Robert M and Zaki, Safa R},
  journal={Memory \& Cognition},
  volume={29},
  number={8},
  pages={1165--1175},
  year={2001},
  publisher={Springer}
}

@article{donald1973prototype,
  title={Prototype abstraction and classification of new instances as a function of number of instances defining the prototype.},
  author={Homa, Donald and Cross, Joseph and Cornell, Don and Goldman, David and Shwartz, Steven},
  journal={Journal of Experimental Psychology},
  volume={101},
  number={1},
  pages={116},
  year={1973},
  publisher={American Psychological Association}
}

@article{homa1976category,
  title={Category breadth and the abstraction of prototypical information.},
  author={Homa, Donald and Vosburgh, Richard},
  journal={Journal of Experimental Psychology: Human Learning and Memory},
  volume={2},
  number={3},
  pages={322},
  year={1976},
  publisher={American Psychological Association}
}

@article{breen1986classification,
  title={Classification of empirically derived prototypes as a function of category experience},
  author={Breen, Timothy J and Schvaneveldt, Roger W},
  journal={Memory \& Cognition},
  volume={14},
  number={4},
  pages={313--320},
  year={1986},
  publisher={Springer}
}

@article{homa1987changing,
  title={The changing composition of abstracted categories under manipulations of decisional change, choice difficulty, and category size.},
  author={Homa, Donald and Burruel, Lori and Field, Dean},
  journal={Journal of Experimental Psychology: Learning, Memory, and Cognition},
  volume={13},
  number={3},
  pages={401},
  year={1987},
  publisher={American Psychological Association}
}

%%%%%%%%%%%%%%%%%%%%%%

@article{barsalou1985ideals,
	Author = {Barsalou, Lawrence W},
	Journal = {Journal of Experimental Psychology: Learning, Memory, and Cognition},
	Number = {4},
	Pages = {629--654},
	Publisher = {American Psychological Association},
	Title = {Ideals, central tendency, and frequency of instantiation as determinants of graded structure in categories.},
	Volume = {11},
	Year = {1985}}

@article{barsalou1998basing,
	Author = {Barsalou, Lawrence W and Huttenlocher, Janellen and Lamberts, Koen},
	Journal = {Cognitive Psychology},
	Number = {3},
	Pages = {203--272},
	Publisher = {Elsevier},
	Title = {Basing categorization on individuals and events},
	Volume = {36},
	Year = {1998}}

@article{beyth1977direct,
	Author = {Beyth-Marom, Ruth and Fischhoff, Baruch},
	Journal = {Bulletin of the Psychonomic Society},
	Number = {3},
	Pages = {236--238},
	Publisher = {Springer},
	Title = {Direct measures of availability and judgments of category frequency},
	Volume = {9},
	Year = {1977}}

@article{boseovski2006children,
	Author = {Boseovski, Janet J and Lee, Kang},
	Journal = {Developmental Psychology},
	Number = {3},
	Pages = {500--513},
	Publisher = {American Psychological Association},
	Title = {Children's use of frequency information for trait categorization and behavioral prediction.},
	Volume = {42},
	Year = {2006}}

@article{harris2008prior,
	Author = {Harris, Harlan D and Murphy, Gregory L and Rehder, Bob},
	Journal = {Memory \& Cognition},
	Number = {7},
	Pages = {1335--1350},
	Publisher = {Springer},
	Title = {Prior knowledge and exemplar frequency},
	Volume = {36},
	Year = {2008}}

@article{homa1991instance,
	Author = {Homa, Donald and Dunbar, Sherry and Nohre, Liva},
	Journal = {Journal of Experimental Psychology: Learning, Memory, and Cognition},
	Number = {3},
	Pages = {444--458},
	Publisher = {American Psychological Association},
	Title = {Instance frequency, categorization, and the modulating effect of experience.},
	Volume = {17},
	Year = {1991}}

@article{nosofsky1988similarity,
	Author = {Nosofsky, Robert M},
	Journal = {Journal of Experimental Psychology: Learning, Memory, and Cognition},
	Number = {1},
	Pages = {54--65},
	Publisher = {American Psychological Association},
	Title = {Similarity, frequency, and category representations.},
	Volume = {14},
	Year = {1988}}

@article{polk2002rating,
	Author = {Polk, Thad A and Behensky, Charles and Gonzalez, Richard and Smith, Edward E},
	Journal = {Cognition},
	Number = {3},
	Pages = {B75--B88},
	Publisher = {Elsevier},
	Title = {Rating the similarity of simple perceptual stimuli: asymmetries induced by manipulating exposure frequency},
	Volume = {82},
	Year = {2002}}

@article{vandierendonck1988typically,
	Author = {Vandierendonck, Andr{\'e}},
	Journal = {Acta Psychologica},
	Number = {1},
	Pages = {61--81},
	Publisher = {Elsevier},
	Title = {Typically gradient in well-defined artificial categories},
	Volume = {69},
	Year = {1988}}

@article{williams1986judging,
	Author = {Williams, Kevin W and Durso, Francis T},
	Journal = {Journal of Experimental Psychology: Learning, Memory, and Cognition},
	Number = {3},
	Pages = {387--396},
	Publisher = {American Psychological Association},
	Title = {Judging category frequency: Automaticity or availability?},
	Volume = {12},
	Year = {1986}}

@article{heit1996instantiation,
	Author = {Heit, Evan},
	Journal = {Memory},
	Number = {4},
	Pages = {413--452},
	Publisher = {Taylor \& Francis},
	Title = {The instantiation principle in natural categories},
	Volume = {4},
	Year = {1996}}

@article{nosofsky1991tests,
	Author = {Nosofsky, Robert M},
	Journal = {Journal of Experimental Psychology: Human Perception and Performance},
	Number = {1},
	Pages = {3--27},
	Publisher = {American Psychological Association},
	Title = {Tests of an exemplar model for relating perceptual classification and recognition memory.},
	Volume = {17},
	Year = {1991}}

@article{rips1993categories,
	Author = {Rips, Lance J and Collins, Allan},
	Journal = {Journal of Experimental Psychology: General},
	Number = {4},
	Pages = {468--486},
	Publisher = {American Psychological Association},
	Title = {Categories and resemblance.},
	Volume = {122},
	Year = {1993}}
