%% This BibTeX bibliography file was created using BibDesk.
%% http://bibdesk.sourceforge.net/


%% Created for Andrew Hendrickson at 2016-08-06 23:03:31 +0930 


%% Saved with string encoding Unicode (UTF-8) 

@article{griffiths2012bayesian,
  title={Bayesian generalization with circular consequential regions},
  author={Griffiths, Thomas L and Austerweil, Joseph L},
  journal={Journal of Mathematical Psychology},
  volume={56},
  number={4},
  pages={281--285},
  year={2012},
  publisher={Elsevier}
}

@article{soto2014explaining,
  title={Explaining compound generalization in associative and causal learning through rational principles of dimensional generalization.},
  author={Soto, Fabian A and Gershman, Samuel J and Niv, Yael},
  journal={Psychological review},
  volume={121},
  number={3},
  pages={526},
  year={2014},
  publisher={American Psychological Association}
}

@inproceedings{navarro2006natural,
  title={From natural kinds to complex categories},
  author={Navarro, D. J.},
  booktitle = {Proceedings of the 28th Annual Conference of the Cognitive Science Society},
  pages = {621-626}, 
  editor = {R. Sun and N. Miyake},
  year={2006},
  publisher={Lawrence Erlbaum}
}

@inproceedings{ransom2018representational,
    author = {Ransom, K. J. and Hendrickson, A. T. and Perfors, Amy and Navarro, D. J.},
    title = {Representational and sampling assumptions drive individual differences in single category generalisation},
    editor = {C. Kalish and M. Rau and J. Zhu and T.T. Rogers},
    booktitle = {Proceedings of the 40th Annual Conference of the Cognitive Science Society},
    year = {2018},
    pages = {930--935}
}

@inproceedings{ransom2019samplingmemory,
    author = {Ransom, K. J. and Perfors, Amy},
    title = {Exploring the role that encoding and retrieval play in sampling effects},
    year = {submitted}
}

@article{hayes2019diversity,
	title={The diversity effect in inductive reasoning depends on sampling assumptions},
    author={Hayes, Brett K and Navarro, Danielle J and Stephens, Rachel G and Ransom, Keith J and Dilevski, Natali},    
    journal={Psychonomic Bulletin \& Review},
    pages={1--8},
    year={2019},
    publisher={Springer US}
}

@article{ransom2016leaping,
  title={Leaping to conclusions: Why premise relevance affects argument strength},
  author={Ransom, Keith J and Perfors, Amy and Navarro, Daniel J},
  journal={Cognitive Science},
  volume={40},
  number={7},
  pages={1775--1796},
  year={2016},
  publisher={Wiley Online Library}
}

@book{luce1959individual,
  title={Individual choice behavior: A theoretical analysis},
  author={Luce, R Duncan},
  year={1959},
  publisher={John Wiley \& Sons, Inc.}
}

@article{donkin2012power,
  title={A power-law model of psychological memory strength in short-and long-term recognition},
  author={Donkin, Chris and Nosofsky, Robert M},
  journal={Psychological Science},
  volume={23},
  number={6},
  pages={625--634},
  year={2012},
  publisher={Sage Publications Sage CA: Los Angeles, CA}
}

@article{nosofsky2011short,
  title={Short-term memory scanning viewed as exemplar-based categorization.},
  author={Nosofsky, Robert M and Little, Daniel R and Donkin, Christopher and Fific, Mario},
  journal={Psychological Review},
  volume={118},
  number={2},
  pages={280--315},
  year={2011},
  publisher={American Psychological Association}
}

@article{navarrosubmittednone,
	Author = {Navarro, D. J. and C. Kemp},
	Title = {None of the above: A Bayesian account of the detection of novel categories.},
    journal = {Psychological Review},
    volume = {124}, 
    pages = {643-677}, 
	Year = {2017}}

@incollection{Luce1963detection,
	Address = {New York},
	Author = {R. D. Luce},
	Booktitle = {Handbook of Mathematical Psychology},
	Editor = {R. D. Luce and R. R. Bush and E. Galanter},
	Pages = {103--189},
	Publisher = {Wiley},
	Title = {Detection and recognition},
	Year = {1963}}

@article{goldstone1994influences,
  title={Influences of categorization on perceptual discrimination.},
  author={Goldstone, Robert L},
  journal={Journal of Experimental Psychology: General},
  volume={123},
  number={2},
  pages={178--200},
  year={1994},
  publisher={American Psychological Association}
}

@article{nosofsky1994comparing,
  title={Comparing modes of rule-based classification learning: A replication and extension of Shepard, Hovland, and Jenkins (1961)},
  author={Nosofsky, Robert M and Gluck, Mark A and Palmeri, Thomas J and McKinley, Stephen C and Glauthier, Paul},
  journal={Memory \& cognition},
  volume={22},
  number={3},
  pages={352--369},
  year={1994},
  publisher={Springer}
}

@article{nosofsky2014exemplar,
	Author = {Nosofsky, Robert M and Cox, Gregory E and Cao, Rui and Shiffrin, Richard M},
	Journal = {Journal of Experimental Psychology: Learning, Memory, and Cognition},
	Number = {6},
	Pages = {1524--1539},
	Publisher = {American Psychological Association},
	Title = {An exemplar-familiarity model predicts short-term and long-term probe recognition across diverse forms of memory search},
	Volume = {40},
	Year = {2014}}

@article{nosofsky2016exemplar,
	Author = {Nosofsky, Robert M},
	Journal = {Psychology of Learning and Motivation},
	Pages = {47--84},
	Publisher = {Elsevier},
	Title = {An Exemplar-Retrieval Model of Short-term Memory Search: Linking Categorization and Probe Recognition},
	Volume = {65},
	Year = {2016}}

@article{hawkins2016dynamic,
	Author = {Hawkins, Guy E and Hayes, Brett K and Heit, Evan},
	Journal = {Journal of Experimental Psychology: General},
	Number = {2},
	Pages = {155--180},
	Publisher = {American Psychological Association},
	Title = {A dynamic model of reasoning and memory.},
	Volume = {145},
	Year = {2016}}

@article{ashby1993relations,
	Author = {Ashby, F Gregory and Maddox, W Todd},
	Journal = {Journal of Mathematical Psychology},
	Number = {3},
	Pages = {372--400},
	Publisher = {Elsevier},
	Title = {Relations between prototype, exemplar, and decision bound models of categorization},
	Volume = {37},
	Year = {1993}}

@article{ashby1986varieties,
	Author = {Ashby, F Gregory and Townsend, James T},
	Journal = {Psychological Review},
	Number = {2},
	Pages = {154--179},
	Publisher = {American Psychological Association},
	Title = {Varieties of perceptual independence.},
	Volume = {93},
	Year = {1986}}

@article{ashby1988toward,
	Author = {Ashby, F Gregory and Perrin, Nancy A},
	Journal = {Psychological Review},
	Number = {1},
	Pages = {124 --150},
	Publisher = {American Psychological Association},
	Title = {Toward a unified theory of similarity and recognition.},
	Volume = {95},
	Year = {1988}}

@article{ashby1988decision,
	Author = {Ashby, F Gregory and Gott, Ralph E},
	Journal = {Journal of Experimental Psychology: Learning, Memory, and Cognition},
	Number = {1},
	Pages = {33--53},
	Publisher = {American Psychological Association},
	Title = {Decision rules in the perception and categorization of multidimensional stimuli.},
	Volume = {14},
	Year = {1988}}

@article{yang2004knowledge,
	Author = {Yang, Lee-Xieng and Lewandowsky, Stephan},
	Journal = {Journal of Experimental Psychology: Learning, Memory, and Cognition},
	Number = {5},
	Pages = {1045--1064},
	Publisher = {American Psychological Association},
	Title = {Knowledge partitioning in categorization: constraints on exemplar models.},
	Volume = {30},
	Year = {2004}}

@article{lewandowsky2000competing,
	Author = {Lewandowsky, Stephan and Kalish, Mike and Griffiths, Thomas L},
	Journal = {Journal of Experimental Psychology: Learning, Memory, and Cognition},
	Number = {6},
	Pages = {1666--1684},
	Publisher = {American Psychological Association},
	Title = {Competing strategies in categorization: Expediency and resistance to knowledge restructuring.},
	Volume = {26},
	Year = {2000}}

@article{lewandowsky2000knowledge,
	Author = {Lewandowsky, Stephan and Kirsner, Kim},
	Journal = {Memory \& Cognition},
	Number = {2},
	Pages = {295--305},
	Publisher = {Springer},
	Title = {Knowledge partitioning: Context-dependent use of expertise},
	Volume = {28},
	Year = {2000}}

@article{Goodman2008rational,
	Author = {Goodman, Noah D. and Tenenbaum, Joshua B. and Feldman, Jacob and Griffiths, Thomas L.},
	Journal = {Cognitive Science},
	Number = {1},
	Pages = {108---154},
	Title = {A Rational Analysis of Rule-based Concept Learning},
	Volume = {32},
	Year = {2008}}

@article{love2004sustain,
	Author = {Love, Bradley C and Medin, Douglas L and Gureckis, Todd M},
	Journal = {Psychological Review},
	Number = {2},
	Pages = {309--332},
	Publisher = {American Psychological Association},
	Title = {SUSTAIN: a network model of category learning.},
	Volume = {111},
	Year = {2004}}

@inproceedings{sanborn2006more,
	Address = {Austin, TX},
	Author = {Sanborn, Adam N and Griffiths, Thomas L and Navarro, Daniel J},
	Booktitle = {Proceedings of the 28th annual conference of the Cognitive Science Society},
	Pages = {726--731},
	Publisher = {Cognitive Science Society},
	Title = {A more rational model of categorization},
	Year = {2006}}

@article{sanborn2010rational,
	Author = {Sanborn, Adam N and Griffiths, Thomas L and Navarro, Daniel J},
	Journal = {Psychological Review},
	Number = {4},
	Pages = {1144--1167},
	Publisher = {American Psychological Association},
	Title = {Rational approximations to rational models: alternative algorithms for category learning.},
	Volume = {117},
	Year = {2010}}

@book{anderson1990adaptive,
	Author = {Anderson, John Robert},
	Publisher = {Psychology Press},
	Title = {The adaptive character of thought},
	Year = {1990}}

@article{anderson1991adaptive,
	Author = {Anderson, John R},
	Journal = {Psychological Review},
	Number = {3},
	Pages = {409--429},
	Publisher = {American Psychological Association},
	Title = {The adaptive nature of human categorization.},
	Volume = {98},
	Year = {1991}}

@article{nosofsky1988exemplar,
	Author = {Nosofsky, Robert M},
	Journal = {Journal of Experimental Psychology: Learning, Memory, and Cognition},
	Number = {4},
	Pages = {700--708},
	Publisher = {American Psychological Association},
	Title = {Exemplar-based accounts of relations between classification, recognition, and typicality.},
	Volume = {14},
	Year = {1988}}

@article{zaki2007high,
	Author = {Zaki, Safa R and Nosofsky, Robert M},
	Journal = {Memory \& Cognition},
	Number = {8},
	Pages = {2088--2096},
	Publisher = {Springer},
	Title = {A high-distortion enhancement effect in the prototype-learning paradigm: Dramatic effects of category learning during test},
	Volume = {35},
	Year = {2007}}

@article{nosofsky1997exemplar,
	Author = {Nosofsky, Robert M and Palmeri, Thomas J},
	Journal = {Psychological Review},
	Number = {2},
	Pages = {266--300},
	Publisher = {American Psychological Association},
	Title = {An exemplar-based random walk model of speeded classification.},
	Volume = {104},
	Year = {1997}}

@article{medin1978context,
	Author = {D.L Medin and M.M Schaffer},
	Journal = {Psychological Review},
	Number = {3},
	Pages = {207--238},
	Title = {Context theory of classification learning.},
	Volume = {85},
	Year = {1978}}

@inproceedings{plummer2003jags,
	Author = {Plummer, Martyn},
	Booktitle = {Proceedings of the 3rd International Workshop on Distributed Statistical Computing ({DSC} 2003). {M}arch},
	Pages = {20--22},
	Title = {{JAGS}: A program for analysis of Bayesian graphical models using Gibbs sampling},
	Year = {2003}}

@article{rouder2012default,
	Author = {Rouder, Jeffrey N and Morey, Richard D and Speckman, Paul L and Province, Jordan M},
	Journal = {Journal of Mathematical Psychology},
	Number = {5},
	Pages = {356--374},
	Publisher = {Elsevier},
	Title = {Default {B}ayes factors for {ANOVA} designs},
	Volume = {56},
	Year = {2012}}

@article{nosofsky1986attention,
	Author = {Nosofsky, Robert M},
	Journal = {Journal of Experimental Psychology: General},
	Number = {1},
	Pages = {39--57},
	Publisher = {American Psychological Association},
	Title = {Attention, similarity, and the identification--categorization relationship.},
	Volume = {115},
	Year = {1986}}

@article{nosofsky1984choice,
	Author = {Nosofsky, Robert M},
	Journal = {Journal of Experimental Psychology: Learning, Memory, and Cognition},
	Number = {1},
	Pages = {104--114},
	Publisher = {American Psychological Association},
	Title = {Choice, similarity, and the context theory of classification.},
	Volume = {10},
	Year = {1984}}

@article{shepard1987universalsim,
	Author = {Shepard, Roger N},
	Journal = {Science},
	Number = {4820},
	Pages = {1317--1323},
	Publisher = {American Association for the Advancement of Science},
	Title = {Toward a universal law of generalization for psychological science},
	Volume = {237},
	Year = {1987}}

@article{franktenenbaum2011,
	Author = {Michael Frank and J B Tenenbaum},
	Journal = {Cognition},
	Pages = {360--371},
	Title = {Three ideal observer models for rule learning in simple languages},
	Volume = {120},
	Year = {2011}}

@article{navarroperfors2010,
	Author = {Daniel J Navarro and Amy Perfors},
	Journal = {Acta Pscyhologica},
	Pages = {256--268},
	Title = {Similarity, feature discovery, and the size principle},
	Volume = {133},
	Year = {2010}}

@article{voorspoelsetal15,
	Author = {Wouter Voorspoels and Daniel J Navarro and Amy Perfors and Keith Ransom and Gert Storms},
	Journal = {Cognitive Psychology},
	Pages = {1-25},
	Title = {How do people learn from negative evidence? Non-monotonic generalizations and sampling assumptions in inductive reasoning},
	Volume = {81},
	Year = {2015}}

@article{liang2008mixtures,
	Author = {Liang, Feng and Paulo, Rui and Molina, German and Clyde, Merlise A and Berger, Jim O},
	Journal = {Journal of the American Statistical Association},
	Pages = {410--423},
	Publisher = {Taylor \& Francis},
	Title = {Mixtures of g priors for Bayesian variable selection},
	Year = {2008}}
