%% This BibTeX bibliography file was created using BibDesk.
%% http://bibdesk.sourceforge.net/


%% Created for Andrew Hendrickson at 2016-08-06 23:03:46 +0930 


%% Saved with string encoding Unicode (UTF-8) 



@article{nosofsky2002exemplar,
	Author = {Nosofsky, Robert M and Zaki, Safa R},
	Journal = {Journal of Experimental Psychology: Learning, Memory, and Cognition},
	Number = {5},
	Pages = {924--940},
	Publisher = {American Psychological Association},
	Title = {Exemplar and prototype models revisited: response strategies, selective attention, and stimulus generalization.},
	Volume = {28},
	Year = {2002}}

@article{myung2007does,
	Author = {Myung, Jay I and Pitt, Mark A and Navarro, Daniel J},
	Journal = {Psychonomic Bulletin \& Review},
	Number = {6},
	Pages = {1043--1050},
	Publisher = {Springer},
	Title = {Does response scaling cause the generalized context model to mimic a prototype model?},
	Volume = {14},
	Year = {2007}}

@article{navarro2007interaction,
	Author = {Navarro, Daniel J},
	Journal = {Journal of Mathematical Psychology},
	Number = {2},
	Pages = {85--98},
	Publisher = {Elsevier},
	Title = {On the interaction between exemplar-based concepts and a response scaling process},
	Volume = {51},
	Year = {2007}}

@article{smith1998prototypes,
	Author = {Smith, J David and Minda, John Paul},
	Journal = {Journal of Experimental Psychology: Learning, Memory, and Cognition},
	Number = {6},
	Pages = {1411--1436},
	Publisher = {American Psychological Association},
	Title = {Prototypes in the mist: The early epochs of category learning.},
	Volume = {24},
	Year = {1998}}

@article{smith2002distinguishing,
	Author = {Smith, J David and Minda, John Paul},
	Journal = {Journal of Experimental Psychology: Learning, Memory, and Cognition},
	Number = {4},
	Pages = {800--811},
	Publisher = {American Psychological Association},
	Title = {Distinguishing prototype-based and exemplar-based processes in dot-pattern category learning.},
	Volume = {28},
	Year = {2002}}
