@article{murphy1984impacts,
  title={Impacts of feedback and experience on the quality of subjective probability forecasts. Comparison of results from the first and second years of the zierikzee experiment},
  author={Murphy, Allan H and Daan, Harald},
  journal={Monthly Weather Review},
  volume={112},
  number={3},
  pages={413--423},
  year={1984}
}

@book{gladwell2008outliers,
  title={Outliers: The story of success},
  author={Gladwell, Malcolm},
  year={2008},
  publisher={Hachette UK}
}

@incollection{lichtenstein1982calibration,
  title={Calibration of probabilities: The state of the art to 1980}, 
  editor={D. Kahneman and P. Slovic and A. Tversky}, 
  booktitle={Judgement under uncertainty: Heuristics and biases},
  author={Lichtenstein, S and Fischhoff, B and Phillips, L},
  year={1982},
  address={New York},
  publisher={Cambridge University Press}
}

 @Manual{morey2015,
    title = {{BayesFactor}: Computation of {Bayes} Factors for Common Designs},
    author = {Richard D. Morey and Jeffrey N. Rouder},
    year = {2015},
    note = {R package version 0.9.12-2},
    url = {https://CRAN.R-project.org/package=BayesFactor},
  }

@article{johnson2016measuring,
  title={Measuring the Frequency Occurrence of Handwriting and Handprinting Characteristics},
  author={Johnson, Mark E and Vastrick, Thomas W and Boulanger, Mich{\`e}le and Schuetzner, Ellen},
  journal={Journal of Forensic Sciences},
  year={2016},
  publisher={Wiley Online Library}
}

@article{ericsson1993role,
  title={The role of deliberate practice in the acquisition of expert performance.},
  author={Ericsson, K Anders and Krampe, Ralf T and Tesch-R{\"o}mer, Clemens},
  journal={Psychological Review},
  volume={100},
  number={3},
  pages={363},
  year={1993},
  publisher={American Psychological Association}
}

@article{cochran1968errors,
  title={Errors of measurement in statistics},
  author={Cochran, William G},
  journal={Technometrics},
  volume={10},
  number={4},
  pages={637--666},
  year={1968},
  publisher={Taylor \& Francis Group}
}

@article{pearson1902mathematical,
  title={On the mathematical theory of errors of judgment, with special reference to the personal equation},
  author={Pearson, Karl},
  journal={Philosophical Transactions of the Royal Society of London, Series A},
  volume={198},
  pages={235--299},
  year={1902}
}

@inproceedings{plummer2003jags,
  title={{JAGS}: A program for analysis of {Bayesian} graphical models using {Gibbs} sampling},
  author={Plummer, Martyn},
  booktitle={Proceedings of the 3rd international workshop on distributed statistical computing},
  volume={124},
  pages={125},
  year={2003},
  organization={Vienna}
}

@article{Budescu2011,
	Author = {Budescu, D. V. and Johnson, T. R.},
    title = {A model-based approach for the analysis of the calibration of probability judgments},
    Year = 2011,
    Journal = {Judgment and Decision Making},
    Volume = 6,
    Issue = 8,
    Pages = {857--869}
}

@article{Aitkin2011,
	Author = {Aitken, C. and Berger, C. E. H. and Buckleton, J. S. and Champod, C. and Curran, J. and Dawid, A. and Jackson, G.},
	Journal = {Science and Justice},
	Volume = 51,
	Issue = 1,
	Pages = {1-2},
	Title = {Expressing evaluative opinions: {A} position statement},
	Year = {2011}
	}
   
   @article{goertzel1994belief,
	Author = {Goertzel, Ted},
	Journal = {Political Psychology},
	Pages = {731--742},
	Publisher = {JSTOR},
	Title = {Belief in conspiracy theories},
	Year = {1994}}

@book{janis1982groupthink,
	Author = {Janis, Irving Lester},
	Publisher = {Houghton Mifflin Boston},
	Title = {Groupthink: Psychological studies of policy decisions and fiascoes},
	Volume = {349},
	Year = {1982}}

@article{romney1986culture,
  title={Culture as consensus: A theory of culture and informant accuracy},
  author={Romney, A Kimball and Weller, Susan C and Batchelder, William H},
  journal={American Anthropologist},
  volume={88},
  number={2},
  pages={313--338},
  year={1986},
  publisher={Wiley Online Library}
}

@book{surowiecki2005wisdom,
  title={The wisdom of crowds},
  author={Surowiecki, James},
  year={2005},
  publisher={Anchor}
}

@article{erev1994simultaneous,
  title={Simultaneous over-and underconfidence: The role of error in judgment processes.},
  author={Erev, Ido and Wallsten, Thomas S and Budescu, David V},
  journal={Psychological review},
  volume={101},
  number={3},
  pages={519},
  year={1994},
  publisher={American Psychological Association}
}

@article{budescu1997importance,
  title={On the importance of random error in the study of probability judgment. Part I: New theoretical developments},
  author={Budescu, David V and Erev, Ido and Wallsten, Thomas S},
  journal={Journal of Behavioral Decision Making},
  volume={10},
  number={3},
  pages={157--171},
  year={1997}
}

@article{lee2014using,
  title={Using cognitive models to combine probability estimates},
  author={Lee, Michael D and Danileiko, Irina},
  journal={Judgment and Decision Making},
  volume={9},
  number={3},
  pages={259-273},
  year={2014},
  publisher={Society for Judgment \& Decision Making}
}

@article{faigman2007anecdotal,
	Author = {Faigman, David L},
	Journal = {Hastings Law Journal},
	Pages = {979-1000},
	Publisher = {HeinOnline},
	Title = {Anecdotal forensics, phrenology, and other abject lessons from the history of science},
	Volume = {59},
	Year = {2007}}
   
   @article{ericsson1996expert,
  title={Expert and exceptional performance: Evidence of maximal adaptation to task constraints},
  author={Ericsson, K Anders and Lehmann, Andreas C},
  journal={Annual review of psychology},
  volume={47},
  number={1},
  pages={273--305},
  year={1996},
  publisher={Annual Reviews 4139 El Camino Way, PO Box 10139, Palo Alto, CA 94303-0139, USA}
}
   
    @article{weiss2003empirical,
  title={Empirical assessment of expertise},
  author={Weiss, David J and Shanteau, James},
  journal={Human Factors},
  volume={45},
  number={1},
  pages={104--116},
  year={2003},
  publisher={SAGE Publications Sage UK: London, England}
}
    
@article{weiss2006people,
  title={People who judge people},
  author={Weiss, David J and Shanteau, James and Harries, Priscilla},
  journal={Journal of Behavioral Decision Making},
  volume={19},
  number={5},
  pages={441--454},
  year={2006},
  publisher={Wiley Online Library}
}   

@article{satopaa2014combining,
  title={Combining multiple probability predictions using a simple logit model},
  author={Satop{\"a}{\"a}, Ville A and Baron, Jonathan and Foster, Dean P and Mellers, Barbara A and Tetlock, Philip E and Ungar, Lyle H},
  journal={International Journal of Forecasting},
  volume={30},
  number={2},
  pages={344--356},
  year={2014},
  publisher={Elsevier}
}
   
   @inproceedings{merkle2010calibrating,
  title={Calibrating subjective probabilities using hierarchical Bayesian models},
  author={Merkle, Edgar C},
  booktitle={International Conference on Social Computing, Behavioral Modeling, and Prediction},
  pages={13--22},
  year={2010},
  organization={Springer}
}

@article{prelec1998probability,
  title={The probability weighting function},
  author={Prelec, D.},
  journal={Econometrica},
  volume = 66,
  pages={497--527},
  year={1998}
}

@article{Armstrong2017,
	Author = {Armstrong, B. C. and Frost, R. and Christiansen, M. H.},
	Journal = {Philosophical Transactions of the Royal Society B: Biological Sciences},
	Title = {The long road of statistical learning research: past, present and future},
	Volume = 372,
	Issue = 1711,
	Year = {2017}
	}

@article{Biedermann2013,
	Author = {Biedermann, A. and Garbolino, P. and Taroni, F.},
	Journal = {Science and Justice},
	Title = {The subjectivist interpretation of probability and the problem of individualisation in forensic science},
	Year = {2013},
	Volume = 53,
	Issue = 2,
	Pages = {192-200}
	}

@book{Edwards2009,
	Author = {Edwards, H. and Gotsonis, C.},
	Title = {Strengthening forensic science in the {U}nited {S}tates: {A} path forward},
	Address = {Washington, DC},
	Year = 2009,
	Publisher = {National Academies Press}
	}
	
@article{Fiser2001,
	Author = {Fiser, J. and Aslin, R. N.},
	Journal = {Psychological Science},
	Title = {Unsupervised statistical learning of higher-order spatial structures from visual scenes},
	Year = {2001},
	Volume = 12,
	Issue = 6,
	Pages = {499-503}
	}	

@book{PCAST2016,
	Author = {{President's Council of Advisors on Science and Technology}},
	Year = 2016,
	Title = {Forensic science in criminal courts: {E}nsuring scientific validity of feature-comparison methods},
	Address = {Washington, DC},
	Publisher = {Executive Office of the President of the United States}
	}

@book{ericsson2016peak,
  title={Peak: Secrets from the new science of expertise},
  author={Ericsson, K. A. and Pool, Robert},
  year={2016},
  publisher={Houghton Mifflin Harcourt}
}

@book{Michigan2017FRE,
  title={Federal Rules of Evidence; 2017 Edition},
  author={Michigan Legal Publishing Ltd.},
  year={2016},
  publisher={Michigan Legal Publishing Ltd.}
}

@article{Martire2017mar,
	Author = {Martire, K. A. and Edmond, G.},
	Journal = {Melbourne University Law Review},
	Title = {Rethinking expert opinion evidence},
	Year = {2017},
	Volume = 40,
	Issue = 3,
	Pages = {967-998}
	}	

@article{saks2005coming,
  title={The coming paradigm shift in forensic identification science},
  author={Saks, Michael J and Koehler, Jonathan J},
  journal={Science},
  volume={309},
  number={5736},
  pages={892--895},
  year={2005},
  publisher={American Association for the Advancement of Science}
}
 
 @article{dror2010forensicexpertise,
  title={The vision in "blind" justice: expert perception, judgment, and visual cognition in forensic pattern recognition},
  author={Dror, I. E. and Cole, S. A.},
  journal={Psychonomic Bulletin \& Review},
  volume={17},
  number={2},
  pages={161-167},
  year={2010},
  }
  
   @article{schon2011musicalexpertise,
  title={Musical expertise and statistical learning of musical and linguistic structures},
  author={Schön, Daniele and François, Clement},
  journal={Frontiers in Psychology},
  volume={2},
  number={167},
  pages={1-9},
  year={2011},
  }
  
@article{fiser2002,
  title={Statistical learning of higher-order temporal structure from visual shape sequences},
  author={Fiser, J. and Aslin, R. N.},
  journal={Journal of Experimental Psychology: Learning, Memory, and Cognition},
  volume={28},
  number={3},
  pages={458-467},
  year={2002}
  }  
  
  @article{turkbrowne2005,
  title={The automaticity of visual statistical learning},
  author={Turk-Browne, N. B. and Jungé, J. and Scholl, B. J.},
  journal={Journal of Experimental Psychology: General},
  volume={134},
  number={4},
  pages={552-564},
  year={2005}
  }  

 @article{busey2016,
  title={Characterizing human expertise using computational metrics of feature diagnosticity in a pattern matching task},
  author={Busey, T. and Nikolov, D. and Yu, C. and Emerick, B. and Vanderkolk, J.},
  journal={Cognitive Science},
  pages={1-44},
  year={2016}
  }  

@article{taroni2001finetti,
  title={De Finetti's subjectivism, the assessment of probabilities and the evaluation of evidence: a commentary for forensic scientists},
  author={Taroni, F and Aitken, CGG and Garbolino, P},
  journal={Science \& Justice},
  volume={41},
  number={3},
  pages={145--150},
  year={2001},
  publisher={Elsevier}
}

@article{dyer2006visual,
  title={Visual attention and expertise for forensic signature analysis},
  author={Dyer, Adrian G and Found, Bryan and Rogers, Doug},
  journal={Journal of Forensic Sciences},
  volume={51},
  number={6},
  pages={1397--1404},
  year={2006},
  publisher={Wiley Online Library}
}

@article{dror2016hierarchy,
  title={A hierarchy of expert performance},
  author={Dror, Itiel E},
  journal={Journal of Applied Research in Memory and Cognition},
  volume={5},
  number={2},
  pages={121--127},
  year={2016},
  publisher={Elsevier}
}

@article{sita2002forensic,
  title={Forensic handwriting examiners' expertise for signature comparison},
  author={Sita, Jodi and Found, Bryan and Rogers, Doug K},
  journal={Journal of Forensic Science},
  volume={47},
  number={5},
  pages={1--8},
  year={2002},
  publisher={ASTM International}
}

@article{found2008probative,
  title={The probative character of forensic handwriting examiners’ identification and elimination opinions on questioned signatures},
  author={Found, Bryan and Rogers, Doug},
  journal={Forensic Science International},
  volume={178},
  number={1},
  pages={54--60},
  year={2008},
  publisher={Elsevier}
}

@article{kam2001signature,
  title={Signature authentication by forensic document examiners},
  author={Kam, Moshe and Gummadidala, Kishore and Fielding, Gabriel and Conn, Robert},
  journal={Journal of Forensic Science},
  volume={46},
  number={4},
  pages={884--888},
  year={2001},
  publisher={ASTM International}
}