
@incollection{CV10,
	Author = {John D. Coley and Nadya Y. Vasilyeva},
	Booktitle = {The Psychology of Learning and Motivation: Advances in Research and Theory},
	Editor = {Brian H. Ross},
	Issn = {0079-7421},
	Pages = {183--226},
	Publisher = {Academic Press},
	Series = {Psychology of Learning and Motivation},
	Title = {Chapter 5 - Generating Inductive Inferences: Premise Relations and Property Effects},
	Volume = {53},
	Year = {2010}
}

@article{FH11,
  title={Properties of the diversity effect in category-based inductive reasoning},
  author = {Feeney, Aidan and Heit, Evan},
  journal = {Thinking \& Reasoning},
  volume = {17},
  number = {2},
  pages = {156--181},
  year = {2011},
  publisher = {Psychology Press}
}

@inproceedings{Fer06,
	Address = {New York},
	Author = {Fernbach, Philip M.},
	Booktitle = {Proceedings of the 28th {A}nnual {C}onference of the {C}ognitive {S}cience {S}ociety},
	Date-Modified = {2015-04-22 04:43:02 +0000},
	Pages = {1287--1293},
	Publisher = {Psychology Press},
	Title = {Sampling assumptions and the size principle in property induction},
	Year = 2006}

@article{FCC10,
	Author = {Feeney, Aiden and Coley, John D. and Crisp, A K},
	Journal = {Journal of Experimental Psychology: Learning, Memory and Cognition},
	Number = {4},
	Pages = {906--919},
	Publisher = {American Psychological Association},
	Title = {The Relevance Framework for Category-Based Induction: Evidence From Garden-Path Arguments},
	Volume = {36},
	Year = {2010}}

@article{GHT10,
	Author = {Gweon, Hyowon and Tenenbaum, Joshua B and Schulz, Laura E},
	Journal = {Proceedings of the National Academy of Sciences},
	Number = {20},
	Pages = {9066--9071},
	Publisher = {National Academy of Sciences},
	Title = {Infants consider both the sample and the sampling process in inductive generalization},
	Volume = {107},
	Year = {2010}}

@article{KLHH05,
  title={Inequality constrained analysis of variance: a {B}ayesian approach},
  author={Klugkist, Irene and Laudy, Olav and Hoijtink, Herbert},
  journal={Psychological Methods},
  volume={10},
  number={4},
  pages={477--493},
  year={2005},
  publisher={American Psychological Association}
}

@article{KH87,
	Author = {Klayman, Joshua and Ha, Young-Won},
	Journal = {Psychological Review},
	Number = {2},
	Pages = {211},
	Publisher = {American Psychological Association},
	Title = {Confirmation, disconfirmation, and information in hypothesis testing.},
	Volume = {94},
	Year = {1987}}

@article{KT09,
	Author = {Kemp, Charles and Tenenbaum, Joshua B.},
	Journal = {Psychological Review},
	Number = 1,
	Pages = {20-58},
	Publisher = {American Psychological Association},
	Title = {Structured statistical models of inductive reasoning},
	Volume = 116,
	Year = 2009}

@book{Gri89,
	Address = {Cambridge, MA},
	Author = {Grice, H. P.},
	Publisher = {Harvard University Press},
	Title = {Studies in the Way of Words},
	Year = {1989}}

@inproceedings{Hei98,
	Author = {Heit, Evan},
	Booktitle = {Rational Models of Cognition},
	Editor = {M. Oaksford and N. Chater},
	Pages = {248--274},
	Publisher = {Oxford University Press},
	Title = {A {B}ayesian analysis of some forms of inductive reasoning},
	Year = {1998}}

@article{Lee02,
	Author = {Lee, Michael D.},
	Journal = {Journal of Classification},
	Number = {1},
	Pages = {69--85},
	Publisher = {Springer-Verlag},
	Title = {Generating additive clustering models with minimal stochastic complexity},
	Volume = {19},
	Year = {2002}}

@article{LKLT11,
	Author = {Tom Lodewyckx and Woojae Kim and Michael D. Lee and Francis Tuerlinckx and Peter Kuppens and Eric-Jan Wagenmakers},
	Doi = {http://dx.doi.org/10.1016/j.jmp.2011.06.001},
	Issn = {0022-2496},
	Journal = {Journal of Mathematical Psychology},
	Keywords = {Transdimensional \{MCMC\}},
	Number = {5},
	Pages = {331 - 347},
	Title = {A tutorial on {B}ayes factor estimation with the product space method},
	Volume = {55},
	Year = {2011},
	Bdsk-Url-1 = {http://dx.doi.org/10.1016/j.jmp.2011.06.001}}

@book{Mar82,
	Address = {San Francisco, CA},
	Author = {Marr, David},
	Publisher = {W. H. Freeman},
	Title = {Vision},
	Year = {1982}}

@article{MCSH03,
	Author = {Medin, Douglas L. and Coley, John D. and Storms, Gert and Hayes, Brett L.},
	Issn = {1069-9384},
	Journal = {Psychonomic Bulletin and Review},
	Language = {English},
	Number = {3},
	Pages = {517--532},
	Publisher = {Springer-Verlag},
	Title = {A relevance theory of induction},
	Volume = {10},
	Year = {2003}}

@manual{MR14,
	Author = {Richard D. Morey and Jeffrey N. Rouder},
	Note = {R package version 0.9.9},
	Title = {Bayes{F}actor: Computation of {B}ayes factors for common designs},
	Url = {http://CRAN.R-project.org/package=BayesFactor},
	Year = {2014},
	Bdsk-Url-1 = {http://CRAN.R-project.org/package=BayesFactor}}

@article{MW14,
	Author = {Richard D. Morey and Eric-Jan Wagenmakers},
	Issn = {0167-7152},
	Journal = {Statistics and Probability Letters},
	Pages = {121-124},
	Title = {Simple relation between {B}ayesian order-restricted and point-null hypothesis tests},
	Volume = {92},
	Year = {2014}}

@article{NDL12,
	Author = {Navarro, Daniel J. and Dry, Matthew J. and Lee, Michael D.},
	Issn = {1551-6709},
	Journal = {Cognitive Science},
	Keywords = {Inductive inference, Generalization, Bayesian modeling},
	Number = {2},
	Pages = {187--223},
	Publisher = {Blackwell Publishing Ltd},
	Title = {Sampling Assumptions in Inductive Generalization},
	Volume = {36},
	Year = {2012}}

@article{NG08,
	Author = {Navarro, Daniel J. and Griffiths, Thomas L.},
	Journal = {Neural computation},
	Number = {11},
	Pages = {2597--2628},
	Publisher = {MIT Press},
	Title = {Latent features in similarity judgments: A nonparametric {B}ayesian approach},
	Volume = {20},
	Year = {2008}}

@article{NP11,
	Author = {Navarro, Daniel J and Perfors, Amy F},
	Journal = {Psychological Review},
	Number = {1},
	Pages = {120},
	Publisher = {American Psychological Association},
	Title = {Hypothesis generation, sparse categories, and the positive test strategy.},
	Volume = {118},
	Year = {2011}}

@article{Osh90,
	Author = {Osherson, Daniel N. and Smith, Edward E. and Wilkie, Ormond and Lopez, Alejandro and Shafir, Eldar},
	Journal = {Psychological Review},
	Number = {2},
	Pages = {185},
	Title = {Category-based induction.},
	Volume = {97},
	Year = {1990}}

@manual{Plu14,
	Author = {Martyn Plummer},
	Note = {R package version 3-14},
	Title = {rjags: Bayesian graphical models using MCMC},
	Url = {http://CRAN.R-project.org/package=rjags},
	Year = {2014},
	Bdsk-Url-1 = {http://CRAN.R-project.org/package=rjags}}

@article{Rip75,
	Author = {Rips, Lance},
	Journal = {Verbal Learning and Verbal Behaviour},
	Pages = {665--681},
	Title = {Inductive judgments about natural categories.},
	Volume = {14},
	Year = {1975}}

@article{SA79,
	Author = {Roger N. Shepard and Phipps Arabie},
	Journal = {Psychological Review},
	Number = {2},
	Pages = {87--123},
	Title = {Additive Clustering: Representation of Similarities as Combinations of Discrete Overlapping Properties},
	Volume = {86},
	Year = {1979}}

@article{SGG14,
	Author = {Patrick Shafto and Noah D. Goodman and Thomas L. Griffiths},
	Issn = {0010-0285},
	Journal = {Cognitive Psychology},
	Keywords = {Bayesian model},
	Pages = {55--89},
	Title = {A rational account of pedagogical reasoning: Teaching by, and learning from, examples},
	Volume = {71},
	Year = {2014}}

@article{Slo93,
	Author = {Steven A. Sloman},
	Journal = {Cognitive Psychology},
	Pages = {213--280},
	Title = {Feature-based induction},
	Volume = {25},
	Year = {1993}}

@incollection{ST03,
	Author = {Neville E. Sanjana and Joshua B. Tenenbaum},
	Booktitle = {Advances in {N}eural {I}nformation {P}rocessing {S}ystems 15},
	Date-Modified = {2015-04-22 04:43:31 +0000},
	Editor = {S. Becker and S. Thrun and K. Obermayer},
	Pages = {59--66},
	Publisher = {MIT Press},
	Title = {Bayesian Models of Inductive Generalization},
	Year = {2003}}

@article{TG01,
	Author = {Tenenbaum, Joshua B. and Griffiths, Thomas L.},
	Issn = {1469-1825},
	Issue = {04},
	Journal = {Behavioral and Brain Sciences},
	Numpages = {12},
	Pages = {629--640},
	Title = {Generalization, similarity, and {B}ayesian inference},
	Volume = {24},
	Year = {2001}}

@inproceedings{VMS13,
	Author = {Voorspoels, Wouter and Van Meel, Chayenne and Storms, Gert},
	Booktitle = {Proceedings of the 35th {A}nnual {C}onference of the {C}ognitive {S}cience {S}ociety},
	Date-Modified = {2015-04-22 04:44:05 +0000},
	Pages = {1552--1557},
	Title = {Negative observations, induction and the generation of hypotheses},
	Year = {2013}}

@inproceedings{VHPN13,
	Author = {Vong, Wai Keen and Hendrickson, Andrew T and Perfors, Amy and Navarro, Daniel J},
	Booktitle = {Proceedings of the 35th Annual Meeting of the Cognitive Science Society},
	Pages = {3699--3704},
	Title = {The role of sampling assumptions in generalization with multiple categories},
	Year = {2013}}

@incollection{WS04,
	Address = {Oxford},
	Author = {Wilson, D and Sperber, D},
	Booktitle = {Handbook of pragmatics},
	Editor = {L. Horn and G. Ward},
	Pages = {607--632},
	Publisher = {Blackwell},
	Title = {Relevance theory},
	Year = {2004}}

@article{XT07,
	Author = {Xu, Fei and Tenenbaum, Joshua B},
	Journal = {Developmental Science},
	Number = {3},
	Pages = {288--297},
	Publisher = {Wiley Online Library},
	Title = {Sensitivity to sampling in {B}ayesian word learning},
	Volume = {10},
	Year = {2007}}
