@book{kline13,
	Author = {Paul Kline},
	Date-Added = {2017-03-15 05:06:58 +0000},
	Date-Modified = {2017-03-15 05:07:32 +0000},
	Publisher = {Routledge},
	Title = {Handbook of Psychological Testing},
	Year = {2013}}


@article{sprouse2013formalinformal,
  title={A comparison of informal and formal acceptability judgments using a random sample from {Linguistic Inquiry} 2001--2010},
  author={Sprouse, Jon and Sch{\"u}tze, Carson and Almeida, Diogo},
  journal={Lingua},
  volume={134},
  pages={219--248},
  year={2013},
  publisher={Elsevier}
}

@article{sprouse2012revisitingadgerscoresyntax,
  title={Assessing the reliability of textbook data in syntax: {Adger's Core Syntax}},
  author={Sprouse, Jon and Almeida, Diogo},
  journal={Journal of Linguistics},
  volume={48},
  number={03},
  pages={609--652},
  year={2012},
  publisher={Cambridge Univ Press}
}

@article{chomsky1965aspects,
  title={Aspects of the theory of syntax},
  author={Chomsky, Noam},
  journal={MIT Press},
  year={1965}
}

@article{sprousealmeida2017sensitivitypower,
title={Design sensitivity and statistical power in acceptability judgment experiments},
author={Sprouse, Jon and Almeida, Diogo},
journal={Glossa: a journal of general linguistics},
year={2017},
volume={2},
number={1},
pages={14},
}DOI={http://doi.org/10.5334/gjgl.236}


@inproceedings{keller2001MEreplicatesordscale,
  title={Constraints on linguistic coreference: structural vs. pragmatic factors},
  author={Keller, Frank and Asudeh, Ash},
  booktitle={Proceedings of the 23rd annual conference of the Cognitive Science Society},
  pages={483--488},
  year={2001}
}

@book{cowart1997experimentalsyntax,
  title={Experimental syntax: Applying objective methods to sentence judgments},
  author={Cowart, Wayne},
  year={1997},
  publisher={Sage Publications}
}

@article{bornkessel2007wolfinsheepsclothing,
  title={The wolf in sheep's clothing: Against a new judgement-driven imperialism},
  author={Bornkessel-Schlesewsky, Ina and Schlesewsky, Matthias},
  journal={Theoretical Linguistics},
  volume={33},
  number={3},
  pages={319--333},
  year={2007}
}

@article{myers2012testingislandconstraints,
  title={Testing adjunct and conjunct island constraints in {C}hinese},
  author={Myers, James},
  journal={Language and Linguistics},
  volume={13},
  number={3},
  pages={437},
  year={2012},
  publisher={Academia Sinica, Institute of Linguistics}
}

@article{myers2009smallexpdesign,
  title={The design and analysis of small-scale syntactic judgment experiments},
  author={Myers, James},
  journal={Lingua},
  volume={119},
  number={3},
  pages={425--444},
  year={2009},
  publisher={Elsevier}
}

@inproceedings{weskott2008varinfodiffmeasures,
  title={Variance and informativity in different measures of linguistic acceptability},
  author={Weskott, Thomas and Fanselow, Gisbert},
  booktitle={Proceedings of the 27th {W}est {C}oast {C}onference on {F}ormal {L}inguistics {(WCCFL)}},
  pages={431--439},
  year={2008},
  organization={Cascadilla Press Somerville, MA}
}

@article{featherston2007datastickandcarrot,
  title={Data in generative grammar: The stick and the carrot},
  author={Featherston, Sam},
  journal={Theoretical Linguistics},
  volume={33},
  number={3},
  pages={269--318},
  year={2007}
}
@article{cornips2005standardising,
  title={On standardising syntactic elicitation techniques (part 1)},
  author={Cornips, Leonie and Poletto, Cecilia},
  journal={Lingua},
  volume={115},
  number={7},
  pages={939--957},
  year={2005},
  publisher={Elsevier}
}

@article{li2016facespairsortriplets,
  title={Extracting Human Face Similarity Judgments: Pairs or Triplets?},
  author={Li, Linjie and Malave, Vicente and Song, Amanda and Yu, Angela},
  journal={Journal of Vision},
  volume={16},
  number={12},
  pages={719--719},
  year={2016},
  publisher={The Association for Research in Vision and Ophthalmology}
}

@article{featherston2005decathlon,
  title={The Decathlon Model of Empirical Syntax},
  author={Featherston, Sam},
  journal={Linguistic Evidence: Empirical, Theoretical, and Computational Perspectives},
  volume={85},
  pages={187},
  year={2005},
  publisher={Walter de Gruyter}
}

@article{sampson2007corpuslinguistics,
  title={Grammar without grammaticality},
  author={Sampson, Geoffrey},
  journal={Corpus Linguistics and Linguistic Theory},
  volume={3},
  number={1},
  pages={1--32},
  year={2007}
}

@article{shalom2007neuro,
  title={Functional anatomic models of language: assembling the pieces},
  author={Shalom, Dorit Ben and Poeppel, David},
  journal={The Neuroscientist},
  year={2007},
  publisher={SAGE Publications}
}

@book{schutze1996empiricalbase,
  title={The empirical base of linguistics: Grammaticality judgments and linguistic methodology},
  author={Sch{\"u}tze, Carson},
  year={1996},
  publisher={University of Chicago Press}
}

@book{podesva2014researchmethods,
  title={Research methods in linguistics},
  author={Podesva, Robert and Sharma, Devyani},
  year={2014},
  publisher={Cambridge University Press}
}

@incollection{schutze2014judgmentdata,
  author      = {Sch{\"u}tze, Carson and Sprouse, Jon},
  title       = {Judgment data},
  editor      = {Podesva, Robert and Sharma, Devyani},
  booktitle   = {Research methods in linguistics},
  publisher   = {Cambridge University Press},
  year        = {2014},
  pages       = {27-51},
  chapter     = {3}
}

@article{bader2010sigdetection,
  title={Toward a model of grammaticality judgments},
  author={Bader, Markus and H{\"a}ussler, Jana},
  journal={Journal of Linguistics},
  volume={46},
  number={02},
  pages={273--330},
  year={2010},
  publisher={Cambridge Univ Press}
}

@article{gibson2013quantmethodsResponse,
  title={Quantitative methods in syntax/semantics research: A response to {S}prouse and {A}lmeida (2013)},
  author={Gibson, Edward and Piantadosi, Steven T and Fedorenko, Evelina},
  journal={Language and Cognitive Processes},
  volume={28},
  number={3},
  pages={229--240},
  year={2013},
  publisher={Taylor \& Francis}
}

@article{gibson2013needforquantmethods,
  title={The need for quantitative methods in syntax and semantics research},
  author={Gibson, Edward and Fedorenko, Evelina},
  journal={Language and Cognitive Processes},
  volume={28},
  number={1-2},
  pages={88--124},
  year={2013},
  publisher={Taylor \& Francis}
}

@article{featherston2009relax,
  title={Relax, lean back, and be a linguist},
  author={Featherston, Sam},
  journal={Zeitschrift f{\"u}r Sprachwissenschaft},
  volume={28},
  number={1},
  pages={127--132},
  year={2009}
}

@article{arppe2007combmethods,
  title={Every method counts: Combining corpus-based and experimental evidence in the study of synonymy},
  author={Arppe, Antti and J{\"a}rvikivi, Juhani},
  journal={Corpus Linguistics and Linguistic Theory},
  volume={3},
  number={2},
  pages={131--159},
  year={2007}
}

@article{sorace2005gradience,
  title={Gradience in linguistic data},
  author={Sorace, Antonella and Keller, Frank},
  journal={Lingua},
  volume={115},
  number={11},
  pages={1497--1524},
  year={2005},
  publisher={Elsevier}
}

@article{sorace2010magestindevling,
  title={Using magnitude estimation in developmental linguistic research},
  author={Sorace, Antonella},
  journal={Experimental methods in language acquisition research},
  pages={57--72},
  year={2010}
}


@article{schutze2011linguisticevidence,
  title={Linguistic evidence and grammatical theory},
  author={Sch{\"u}tze, Carson},
  journal={Wiley Interdisciplinary Reviews: Cognitive Science},
  volume={2},
  number={2},
  pages={206--221},
  year={2011},
  publisher={Wiley Online Library}
}

@article{bard1996magnitudeestimation,
  title={Magnitude estimation of linguistic acceptability},
  author={Bard, Ellen Gurman and Robertson, Dan and Sorace, Antonella},
  journal={Language},
  pages={32--68},
  year={1996},
  publisher={JSTOR}
}

@article{stevens1956sensorymagnitude,
  title={The direct estimation of sensory magnitudes: Loudness},
  author={Stevens, Stanley Smith},
  journal={The American Journal of Psychology},
  pages={1--25},
  year={1956},
  publisher={JSTOR}
}

@inproceedings{keller2003psychophysicallinguistic,
  title={A psychophysical law for linguistic judgments},
  author={Keller, Frank},
  booktitle={Proceedings of the 25th annual conference of the Cognitive Science Society},
  pages={652--657},
  year={2003}
}

@book{johnson2011quantmethods,
  title={Quantitative methods in linguistics},
  author={Johnson, Keith},
  year={2011},
  publisher={John Wiley \& Sons}
}

@article{featherston2005MEwhatitcando,
  title={Magnitude estimation and what it can do for your syntax: Some wh-constraints in {G}erman},
  author={Featherston, Sam},
  journal={Lingua},
  volume={115},
  number={11},
  pages={1525--1550},
  year={2005},
  publisher={Elsevier}
}

@article{featherston2008thermometer,
  title={Thermometer judgments as linguistic evidence},
  author={Featherston, Sam},
  journal={Was ist linguistische Evidenz},
  pages={69--89},
  year={2008}
}

@article{sprouse2007continuouscategorical,
  title={Continuous acceptability, categorical grammaticality, and experimental syntax},
  author={Sprouse, Jon},
  journal={Biolinguistics},
  volume={1},
  pages={123--134},
  year={2007}
}

@article{sprouse2008nonlinear,
  title={Magnitude estimation and the non-linearity of acceptability judgments},
  author={Sprouse, Jon},
  journal={Proceedings of the {W}est {C}oast {C}onference on {F}ormal {L}inguistics},
  volume={27},
  pages={397--403},
  year={2008},
  publisher={WCCFLP}
}

@article{sprouse2011commutativity,
  title={A test of the cognitive assumptions of magnitude estimation: Commutativity does not hold for acceptability judgments},
  author={Sprouse, Jon},
  journal={Language},
  volume={87},
  number={2},
  pages={274--288},
  year={2011},
  publisher={Linguistic Society of America}
}

@inproceedings{plummer03jags,
  title={{JAGS}: A program for analysis of {B}ayesian graphical models using {G}ibbs sampling},
  author={Plummer, Martyn},
  booktitle={Proceedings of the 3rd international workshop on distributed statistical computing},
  volume={124},
  pages={125},
  year={2003},
}  organization={Vienna}

@article{thurstone1927lawofcomparativejudgment,
  title={A law of comparative judgment.},
  author={Thurstone, Louis},
  journal={Psychological Review},
  volume={34},
  number={4},
  pages={273},
  year={1927},
  publisher={Psychological Review Company}
}

@article{cattelan2012modelreview,
  title={Models for paired comparison data: A review with emphasis on dependent data},
  author={Cattelan, Manuela and others},
  journal={Statistical Science},
  volume={27},
  number={3},
  pages={412--433},
  year={2012},
  publisher={Institute of Mathematical Statistics}
}

@article{ennis2014sensorydifftest,
  title={Sensory difference tests as measurement instruments: A review of recent advances},
  author={Ennis, John M and Rousseau, Beno{\^\i}t and Ennis, Daniel M},
  journal={Journal of Sensory Studies},
  volume={29},
  number={2},
  pages={89--102},
  year={2014},
  publisher={Wiley Online Library}
}

@inproceedings{munro2010crowdsourcinglanguagestudies,
  title={Crowdsourcing and language studies: the new generation of linguistic data},
  author={Munro, Robert and Bethard, Steven and Kuperman, Victor and Lai, Vicky Tzuyin and Melnick, Robin and Potts, Christopher and Schnoebelen, Tyler and Tily, Harry},
  booktitle={Proceedings of the {NAACL HLT 2010} workshop on creating speech and language data with {A}mazon's {M}echanical {T}urk},
  pages={122--130},
  year={2010},
  organization={Association for Computational Linguistics}
}

@inproceedings{miller2009wisdomofcrowds,
  title={The wisdom of crowds in rank ordering problems},
  author={Miller, Brent and Hemmer, Pernille and Steyvers, Mark and Lee, Michael D},
  booktitle={9th International Conference on Cognitive Modeling},
  year={2009}
}

@article{selker2017thurstonian_topnlists,
  title={Thurstonian cognitive models for aggregating top-n lists.},
  author={Selker, Ravi and Lee, Michael D and Iyer, Ravi},
  journal={Decision},
  volume={4},
  number={2},
  pages={87},
  year={2017},
  publisher={Educational Publishing Foundation}
}

@article{basilico2003smallclauses,
  title={The topic of small clauses},
  author={Basilico, David},
  journal={Linguistic Inquiry},
  volume={34},
  number={1},
  pages={1--35},
  year={2003},
  publisher={MIT Press}
}

@inproceedings{heinat2013finnishpassives,
  title={Gradient well-formedness of {F}innish passive constructions},
  author={Heinat, Fredrik and Manninen, Satu},
  booktitle={the 24th Scandinavian Conference of Linguistics},
  pages={59--70},
  year={2013},
  organization={University of Eastern Finland Press}
}

@article{simons2005changeblindness,
  title={Change blindness: Past, present, and future},
  author={Simons, Daniel and Rensink, Ronald},
  journal={Trends in Cognitive Sciences},
  volume={9},
  number={1},
  pages={16--20},
  year={2005},
  publisher={Elsevier}
}

@article{javaras2007unfoldinglatentvarlikert,
  title={An “unfolding” latent variable model for {Likert} attitude data: Drawing inferences adjusted for response style},
  author={Javaras, Kristin N and Ripley, Brian D},
  journal={Journal of the American Statistical Association},
  volume={102},
  number={478},
  pages={454--463},
  year={2007},
  publisher={Taylor \& Francis}
}
@article{wu2007likerttonumeric,
  title={An empirical study on the transformation of {Likert-scale} data to numerical scores},
  author={Wu, Chien-Ho},
  journal={Applied Mathematical Sciences},
  volume={1},
  number={58},
  pages={2851--2862},
  year={2007}
}

@article{carifio2008debatelikert,
  title={Resolving the 50-year debate around using and misusing {Likert} scales},
  author={Carifio, James and Perla, Rocco},
  journal={Medical {E}ducation},
  volume={42},
  number={12},
  pages={1150--1152},
  year={2008},
  publisher={Wiley Online Library}
}

@article{likert1932measureattitudes,
  title={A technique for the measurement of attitudes.},
  author={Likert, Rensis},
  journal={Archives of Psychology},
  pages={140:44--60},
  year={1932}
}

@inproceedings{hindle1975nontransitiveanymore,
title={Some more on anymore.},
author={Hindle, Donald and Ivan, Sag.},
  booktitle={Analyzing Variation in Language: Papers from the Second Colloquium on New Ways of Analyzing Variation},
  pages={89-110},
  year={1975},
  organization={Georgetown University Press, Washington}
}

@article{danks1970scalinglinguistic,
  title={Psychological scaling of linguistic properties},
  author={Danks, Joseph H and Glucksberg, Sam},
  journal={Language and Speech},
  volume={13},
  number={2},
  pages={118--138},
  year={1970},
  publisher={Sage Publications}
}

@article{sprouse2011poweracceptabilityjudgment,
  title={Power in acceptability judgment experiments and the reliability of data in syntax},
  author={Sprouse, Jon and Almeida, Diogo},
  journal={Master's Thesis, University of California, Irvine \& Michigan State University},
  year={2011}
}

@article{tversky1969intransitivity,
  title={Intransitivity of preferences.},
  author={Tversky, Amos},
  journal={Psychological Review},
  volume={76},
  number={1},
  pages={31},
  year={1969},
  publisher={American Psychological Association}
}

@article{kuzon1996sevensins,
  title={The seven deadly sins of statistical analysis.},
  author={Kuzon, William M and Urbanchek, Melanie G and McCabe, Steven},
  journal={Annals of Plastic Surgery},
  volume={37},
  number={3},
  pages={265--272},
  year={1996},
  publisher={LWW}
}

@article{drasgow2010thurstonewasright,
  title={75 years after {L}ikert: Thurstone was right!},
  author={Drasgow, Fritz and Chernyshenko, Oleksandr S and Stark, Stephen},
  journal={Industrial and Organizational Psychology},
  volume={3},
  number={4},
  pages={465--476},
  year={2010},
  publisher={Wiley Online Library}
}

@book{wolfram2015americanenglish,
  title={American {E}nglish: dialects and variation},
  author={Wolfram, Walt and Schilling, Natalie},
  volume={25},
  year={2015},
  publisher={John Wiley \& Sons}
}

@book{hess2010choicemodellingstateofart,
  title={{Choice Modelling: The State-of-the-Art and the State-of-Practice}},
  booktitle={Proceedings from the Inaugural International Choice Modelling Conference},
  author={Hess, Stephane and Daly, Andrew John},
  year={2010},
  publisher={Emerald Group Publishing}
}

@article{hartley2014thoughtsaboutlikert,
  title={Some thoughts on {Likert-type} scales},
  author={Hartley, James},
  journal={International Journal of Clinical and Health Psychology},
  volume={14},
  number={1},
  pages={83--86},
  year={2014},
  publisher={Elsevier}
}

@article{preston2000optimalnumberofresponsecategories,
  title={Optimal number of response categories in rating scales: reliability, validity, discriminating power, and respondent preferences},
  author={Preston, Carolyn C and Colman, Andrew M},
  journal={Acta Psychologica},
  volume={104},
  number={1},
  pages={1--15},
  year={2000},
  publisher={Elsevier}
}

@article{mahowald2016snap,
  title={SNAP judgments: A small N acceptability paradigm (SNAP) for linguistic acceptability judgments},
  author={Mahowald, Kyle and Graff, Peter and Hartman, Jeremy and Gibson, Edward},
  journal={Language},
  volume={92},
  number={3},
  pages={619--635},
  year={2016},
  publisher={Linguistic Society of America}
}

@article{weskott2009scaling,
  title={Scaling issues in the measurement of linguistic acceptability},
  author={Weskott, Thomas and Fanselow, Gisbert},
  journal={The Fruits of Empirical Linguistics},
  volume={1},
  pages={229--245},
  year={2009}
}

@article{weskott2011informativity,
  title={On the informativity of different measures of linguistic acceptability},
  author={Weskott, Thomas and Fanselow, Gisbert},
  journal={Language},
  volume={87},
  number={2},
  pages={249--273},
  year={2011},
  publisher={Linguistic Society of America}
}

@inproceedings{murphy2006representativeuseofME,
  title={Cross-linguistic empirical analysis of constraints on passive},
  author={Murphy, Brian and Vogel, Carl and Opitz, Conny},
  booktitle={Presentation to the {S}ymposium on {I}nterdisciplinary {T}hemes in {C}ognitive {L}anguage {R}esearch},
  year={2006}
}

@article{arppe2007supportingempmethoddiversity,
  title={Take empiricism seriously! In support of methodological diversity in linguistics},
  author={Arppe, Antti and J{\"a}rvikivi, Juhani},
  journal={Corpus Linguistics and Linguistic Theory},
  volume={3},
  number={1},
  pages={99--109},
  year={2007}
}

@article{culbertson2009linguistsbettersubjects,
  title={Are linguists better subjects?},
  author={Culbertson, Jennifer and Gross, Steven},
  journal={The British Journal for the Philosophy of Science},
  volume={60},
  pages={721-736},
  year={2009},
  publisher={Br Soc Philosophy Sci}
}

@article{rosenbach2003FCexample,
  title={Aspects of iconicity and economy in the choice between the s-genitive and the of-genitive in English},
  author={Rosenbach, Anette},
  journal={Topics in English Linguistics},
  volume={43},
  pages={379--412},
  year={2003},
  publisher={Walter de Gruyter \& Co.}
}

@incollection{sage2010encyclopediaofmeasurement,
  author      = {Fabrigar, Leandre R. and Paik, J Shelly},
  title       = {Thurstone Scales},
  editor      = {Salkind, Neil},
  booktitle   = {Encyclopedia of {M}easurement and {S}tatistics},
  publisher   = {SAGE publications},
  year        = {2007},
  pages       = {1003-1005}
}

@article{roberts1999thurstonelikertvaliditycomparison,
  title={Validity issues in the {L}ikert and {T}hurstone approaches to attitude measurement},
  author={Roberts, James and Laughlin, James and Wedell, Douglas},
  journal={Educational and Psychological Measurement},
  volume={59},
  number={2},
  pages={211--233},
  year={1999},
  publisher={Sage Publications}
}

@article{drasgow2010idealpointmodelsthurstonewasright,
  title={75 years after {L}ikert: {T}hurstone was right!},
  author={Drasgow, Fritz and Chernyshenko, Oleksandr S and Stark, Stephen},
  journal={Industrial and Organizational Psychology},
  volume={3},
  number={4},
  pages={465--476},
  year={2010},
  publisher={Wiley Online Library}
}

@article{rensink1997needforattention,
  title={To see or not to see: The need for attention to perceive changes in scenes},
  author={Rensink, Ronald A and O'Regan, J Kevin and Clark, James J},
  journal={Psychological Science},
  volume={8},
  number={5},
  pages={368--373},
  year={1997},
  publisher={SAGE Publications}
}

@article{sprouse2011turkvalidation,
  title={A validation of {Amazon Mechanical Turk} for the collection of acceptability judgments in linguistic theory},
  author={Sprouse, Jon},
  journal={Behavior Research Methods},
  volume={43},
  number={1},
  pages={155--167},
  year={2011},
  publisher={Springer}
}

@article{ferreira2005psycholinguistics,
  title={Psycholinguistics, formal grammars, and cognitive science},
  author={Ferreira, Fernanda},
  journal={The Linguistic Review},
  volume={22},
  number={2-4},
  pages={365--380},
  year={2005},
ignoredcommentsfield={Contains a nice quotable description of bad-old-days informal judgment collection, described as 'the standard'}
}

@article{erlewine2016streamlinedturklingexp,
  title={A streamlined approach to online linguistic surveys},
  author={Erlewine, Michael Yoshitaka and Kotek, Hadas},
  journal={Natural Language \& Linguistic Theory},
  volume={34},
  number={2},
  pages={481--495},
  year={2016},
  publisher={Springer}
}

@inproceedings{fukuda2010comparingthreemethodsoralpresentation,
  title={Comparing three methods for sentence judgment experiments},
  author={Fukuda, Shin and Michel, Dan and Beecher, Henry and Goodall, Grant},
  booktitle={LSA Annual Meeting, Baltimore, MD},
  year={2010},
ignoredcommentsfield={Slides are online, looks interesting but not enough detail, didn't find any supplements on fukuda's home page.}
}

@inproceedings{fukuda2012ismagestworththetrouble,
  title={Is {Magnitude Estimation} worth the trouble?},
  author={Fukuda, Shin and Goodall, Grant and Michel, Dan and Beecher, Henry},
  booktitle={Proceedings of the 29th {W}est {C}oast {C}onference on {F}ormal {L}inguistics},
  pages={328--336},
  year={2012},
  organization={Citeseer}
}

@article{cable2011grammaticalstatusofPPwithlikert,
  title={On the grammatical status of {PP-pied-piping} in {E}nglish: Results from sentence-rating experiments},
  author={Cable, Seth and Harris, Jesse A},
  journal={University of Massachusetts Occasional Papers in Linguistics},
  volume={38},
  pages={122},
  year={2011}
}

@article{cumming2006CIcapture,
  title={Confidence intervals and replication: where will the next mean fall?},
  author={Cumming, Geoff and Maillardet, Robert},
  journal={Psychological Methods},
  volume={11},
  number={3},
  pages={217},
  year={2006},
  publisher={American Psychological Association}
}

@article{gelman2000typeSerror,
  title={Type {S} error rates for classical and {B}ayesian single and multiple comparison procedures},
  author={Gelman, A and Tuerlinckx, Francis},
  journal={Computational Statistics},
  volume={15},
  number={3},
  pages={373--390},
  year={2000},
  publisher={Physica-Verlag}
}

@Book{boot_Rpkg,
  title = {Bootstrap Methods and Their Applications},
  author = {A. C. Davison and D. V. Hinkley},
  publisher = {Cambridge University Press},
  address = {Cambridge},
  year = {1997},
}
  note = {ISBN 0-521-57391-2},
  url = {http://statwww.epfl.ch/davison/BMA/}

@article{lee2002crossculturallikert,
  title={Cultural differences in responses to a {L}ikert scale},
  author={Lee, Jerry and Jones, Patricia and Mineyama, Yoshimitsu and Zhang, Xinwei Esther},
  journal={Research in nursing \& health},
  volume={25},
  number={4},
  pages={295--306},
  year={2002},
  publisher={Wiley Online Library}
}

@article{johnson2003likertresponsestyle,
  title={On the use of heterogeneous thresholds ordinal regression models to account for individual differences in response style},
  author={Johnson, Timothy R},
  journal={Psychometrika},
  volume={68},
  number={4},
  pages={563--583},
  year={2003},
  publisher={Springer}
}
@article{noveck2008experimentalpragmatics,
  title={Experimental pragmatics: A {G}ricean turn in the study of language},
  author={Noveck, Ira and Reboul, Anne},
  journal={Trends in Cognitive Sciences},
  volume={12},
  number={11},
  pages={425--431},
  year={2008},
  publisher={Elsevier}
}

@book{devellis2016scaledevelopmenttextbook,
  title={Scale development: Theory and applications},
  author={DeVellis, Robert F},
  volume={26},
  year={2016},
  publisher={Sage publications}
}

@article{porte2013replicationstudies,
  title={Who needs replication?},
  author={Porte, Graeme},
  journal={CALICO Journal},
  volume={30},
  number={1},
  pages={10--15},
  year={2013},
  publisher={JSTOR}
}
@article{brandt2014replicationisgood,
  title={The replication recipe: What makes for a convincing replication?},
  author={Brandt, Mark J and IJzerman, Hans and Dijksterhuis, Ap and Farach, Frank J and Geller, Jason and Giner-Sorolla, Roger and Grange, James A and Perugini, Marco and Spies, Jeffrey R and Van't Veer, Anna},
  journal={Journal of Experimental Social Psychology},
  volume={50},
  pages={217--224},
  year={2014},
  publisher={Elsevier}
}

@article{vul2008crowdwithin,
  title={Measuring the crowd within: Probabilistic representations within individuals},
  author={Vul, Edward and Pashler, Harold},
  journal={Psychological Science},
  volume={19},
  number={7},
  pages={645--647},
  year={2008},
  publisher={SAGE Publications Sage CA: Los Angeles, CA}
}

@article{sprouseINPRESSsettingtherecordstraight,
  title={Setting the empirical record straight: Acceptability judgments appear to be reliable, robust, and replicable},
  author={Sprouse, Jon and Almeida, Diogo},
  year={In press},
  journal={Behavioral and Brain Sciences}
}

@article{lau2016lingprobview,
  title={Grammaticality, acceptability, and probability: a probabilistic view of linguistic knowledge},
  author={Lau, Jey Han and Clark, Alexander and Lappin, Shalom},
  journal={Cognitive Science},
  year={2016},
  publisher={Wiley Online Library}
}

@article{hofmeister2013grammarvsprocessing,
  title={The source ambiguity problem: Distinguishing the effects of grammar and processing on acceptability judgments},
  author={Hofmeister, Philip and Jaeger, T Florian and Arnon, Inbal and Sag, Ivan A and Snider, Neal},
  journal={Language and Cognitive Processes},
  volume={28},
  number={1-2},
  pages={48--87},
  year={2013},
  publisher={Taylor \& Francis}
}


@book{aarts2007syntacticgradience,
  title={Syntactic gradience: The nature of grammatical indeterminacy},
  author={Aarts, Bas},
  year={2007},
  publisher={Oxford University Press}
}

% SHOULD BE D{\k{a}}browska but char unsupported atm. FIX?
@article{dabrowska2010naivevsexpert,
  title={Naive v. expert intuitions: An empirical study of acceptability judgments},
  author={Dabrowska, Ewa},
  journal={The linguistic review},
  volume={27},
  number={1},
  pages={1--23},
  year={2010}
}

@inproceedings{haussler2017detectingnoncooperative,
  title={Detecting and discouraging non-cooperative behavior in online experiments using an acceptability judgment task1},
  author={H{\"a}ussler, Jana and Juzek, Tom},
  booktitle={A blend of MaLT: Selected contributions from the Methods and Linguistic Theories Symposium 2015},
  volume={15},
  pages={73},
  year={2017},
  organization={University of Bamberg Press}
}

@phdthesis{juzek2015acceptabilityjudgmentthesis_prozscore,
  title={Acceptability judgement tasks and grammatical theory},
  author={Juzek, Thomas Stephan},
  year={2015},
  school={University of Oxford}
}

@article{omahony2003foodprefs,
  title={Discrimination testing: a few ideas, old and new},
  author={O'Mahony, Michael and others},
  journal={Food Quality and Preference},
  volume={14},
  number={2},
  pages={157--164},
  year={2003},
  publisher={Elsevier}
}

@book{ennis2016thurstonianmodels,
  title={Thurstonian Models: Categorical Decision Making in the Presence of Noise},
  author={Ennis, Daniel M},
  year={2016},
  publisher={Institute for Perception}
}

@book{borg2005modernMDSbook,
  title={Modern multidimensional scaling: Theory and applications},
  author={Borg, Ingwer and Groenen, Patrick JF},
  year={2005},
  publisher={Springer Science \& Business Media}
}

@article{nosofsky1992similarityscaling,
  title={Similarity scaling and cognitive process models},
  author={Nosofsky, Robert M},
  journal={Annual review of Psychology},
  volume={43},
  number={1},
  pages={25--53},
  year={1992},
  publisher={Annual Reviews 4139 El Camino Way, PO Box 10139, Palo Alto, CA 94303-0139, USA}
}

@article{birnbaum1980ratiovsdifferenceinstructionssamesame,
  title={Comparison of two theories of" ratio" and" difference" judgments.},
  author={Birnbaum, Michael H},
  year={1980},
  publisher={American Psychological Association}
}

@article{gelman2017doesntkillmakesstrongerfallacy,
  title={Measurement error and the replication crisis},
  author={Loken, Eric and Gelman, Andrew},
  journal={Science},
  volume={355},
  number={6325},
  pages={584--585},
  year={2017},
  publisher={American Association for the Advancement of Science}
}

%Blatent cut-paste of thurstone_supp.bib here. Much overlap!
@article{lau2016lingprobview,
  title={Grammaticality, acceptability, and probability: a probabilistic view of linguistic knowledge},
  author={Lau, Jey Han and Clark, Alexander and Lappin, Shalom},
  journal={Cognitive Science},
  year={2016},
  publisher={Wiley Online Library}
}

@book{aarts2007syntacticgradience,
  title={Syntactic gradience: The nature of grammatical indeterminacy},
  author={Aarts, Bas},
  year={2007},
  publisher={Oxford University Press}
}

@inproceedings{lau2015unsupervisedpredofaccjudge,
  title={Unsupervised Prediction of Acceptability Judgements.},
  author={Lau, Jey Han and Clark, Alexander and Lappin, Shalom},
  booktitle={ACL (1)},
  pages={1618--1628},
  year={2015}
}

@misc{MP_jagsblog,
  title = {{JAGS news}},
  howpublished = {\url{https://martynplummer.wordpress.com/2012/09/02/stan/}},
  author={Martyn Plummer},
  note = {Accessed: 2017-03-18}
}

@article{brier1950brierscore,
  title={Verification of forecasts expressed in terms of probability},
  author={Brier, Glenn W},
  journal={Monthly weather review},
  volume={78},
  number={1},
  pages={1--3},
  year={1950}
}

@incollection{aarts2004fuzzygrammarreader,
  title={Fuzzy grammar: the nature of grammatical categories and their representation},
  author={Aarts, B and Denison, D and Keizer, E and Popova, G},
  year={2004},
  publisher={Oxford University Press}
}

@book{fanselow2006gradience,
  title={Gradience in grammar: Generative perspectives},
  author={Fanselow, Gisbert},
  year={2006},
  publisher={Oxford University Press}
}

@article{hofmeister2013grammarvsprocessing,
  title={The source ambiguity problem: Distinguishing the effects of grammar and processing on acceptability judgments},
  author={Hofmeister, Philip and Jaeger, T Florian and Arnon, Inbal and Sag, Ivan A and Snider, Neal},
  journal={Language and Cognitive Processes},
  volume={28},
  number={1-2},
  pages={48--87},
  year={2013},
  publisher={Taylor \& Francis}
}

@article{sorace2005gradience,
  title={Gradience in linguistic data},
  author={Sorace, Antonella and Keller, Frank},
  journal={Lingua},
  volume={115},
  number={11},
  pages={1497--1524},
  year={2005},
  publisher={Elsevier}
}

@article{gelman2006sdprior,
  title={Prior distributions for variance parameters in hierarchical models (comment on article by Browne and Draper)},
  author={Gelman, Andrew and others},
  journal={Bayesian analysis},
  volume={1},
  number={3},
  pages={515--534},
  year={2006},
  publisher={International Society for Bayesian Analysis}
}

@article{norvig2009ihavethebiggestcorpusiwin,
  title={The unreasonable effectiveness of data},
  author={Halevy, Alon and Norvig, Peter and Pereira, Fernando},
  journal={IEEE Intelligent Systems},
  volume={24},
  number={2},
  pages={8--12},
  year={2009},
  publisher={IEEE}
}

@article{manning2003probabilisticsyntaxbook,
  title={Probabilistic syntax},
  author={Manning, Christopher D},
  journal={Probabilistic linguistics},
  pages={289--341},
  year={2003}
}

@book{chomsky1965aspect,
  title={Aspects of the theory of syntax},
  author={Chomsky, Noam},
  publisher={MIT Press},
  year={1965}
}

@article{myers2009smallexpdesign,
  title={The design and analysis of small-scale syntactic judgment experiments},
  author={Myers, James},
  journal={Lingua},
  volume={119},
  number={3},
  pages={425--444},
  year={2009},
  publisher={Elsevier}
}

@article{lau2016grammaticality,
  title={Grammaticality, acceptability, and probability: a probabilistic view of linguistic knowledge},
  author={Lau, Jey Han and Clark, Alexander and Lappin, Shalom},
  journal={Cognitive Science},
  year={2016},
  publisher={Wiley Online Library}
}

@book{manning1999statlangfoundations,
  title={Foundations of statistical natural language processing},
  author={Manning, Christopher D and Sch{\"u}tze, Hinrich and others},
  volume={999},
  year={1999},
  publisher={MIT Press}
}

@article{sprouse2013formalinformal,
  title={A comparison of informal and formal acceptability judgments using a random sample from Linguistic Inquiry 2001--2010},
  author={Sprouse, Jon and Sch{\"u}tze, Carson T and Almeida, Diogo},
  journal={Lingua},
  volume={134},
  pages={219--248},
  year={2013},
  publisher={Elsevier}
}

@article{sprouse2007continuousacceptabilitycatgram,
  title={Continuous acceptability, categorical grammaticality, and experimental syntax},
  author={Sprouse, Jon},
  journal={Biolinguistics},
  volume={1},
  pages={123--134},
  year={2007}
}

@book{mcnicol2005sigdetectionprimer,
  title={A primer of signal detection theory},
  author={McNicol, Don},
  year={2005},
  publisher={Psychology Press}
}

@article{spencer1973nonlinguistsdisagreeonhalftheitems,
  title={Differences between linguists and nonlinguists in intuitions of grammaticality-acceptability},
  author={Spencer, Nancy Jane},
  journal={Journal of psycholinguistic research},
  volume={2},
  number={2},
  pages={83--98},
  year={1973},
  publisher={Springer}
}

@article{danziger1980historyofintrospection,
  title={The history of introspection reconsidered},
  author={Danziger, Kurt},
  journal={Journal of the History of the Behavioral Sciences},
  volume={16},
  number={3},
  pages={241--262},
  year={1980}
}

@article{wasow2005intuitionsinlingargs,
  title={Intuitions in linguistic argumentation},
  author={Wasow, Thomas and Arnold, Jennifer},
  journal={Lingua},
  volume={115},
  number={11},
  pages={1481--1496},
  year={2005},
  publisher={Elsevier}
}

@article{gibson2013needquantmethods,
  title={The need for quantitative methods in syntax and semantics research},
  author={Gibson, Edward and Fedorenko, Evelina},
  journal={Language and Cognitive Processes},
  volume={28},
  number={1-2},
  pages={88--124},
  year={2013},
  publisher={Taylor \& Francis}
}

@incollection{sprouse2017grammaruseofdata,
  title={Grammar and the use of data},
  author={Sprouse, Jon and Sch{\"u}tze, Carson T},
  year={2017},
  editor={Bas Aarts and Jill Bowie and Gergana Popova},
  booktitle={The {O}xford {H}andbook of {E}nglish {G}rammar},
  publisher={Oxford University Press},
  chapter={3}
}

@article{sprouse2013roleofexpsyntaxinlangsci,
  title={The role of experimental syntax in an integrated cognitive science of language},
  author={Sprouse, Jon and Almeida, Diogo},
  journal={The Cambridge handbook of biolinguistics},
  pages={181--202},
  year={2013}
}

@article{vul2008crowdwithin,
  title={Measuring the crowd within: Probabilistic representations within individuals},
  author={Vul, Edward and Pashler, Harold},
  journal={Psychological Science},
  volume={19},
  number={7},
  pages={645--647},
  year={2008},
  publisher={SAGE Publications Sage CA: Los Angeles, CA}
}

@inproceedings{haussler2016replicationposter,
  title={Unsupervised Prediction of Acceptability Judgements.},
  author={H{\"a}ussler, J. and Juzek, T. and Wasow, T},
  booktitle={To be grammatical or not to be grammatical -- Is that the question?},
  pages={Annual Meeting of the Linguistic Society of America},
  year={2016}
}


@article{watson1913behaviorist,
  title={Psychology as the behaviorist views it.},
  author={Watson, John B},
  journal={Psychological review},
  volume={20},
  number={2},
  pages={158},
  year={1913},
  publisher={Psychological Review Company}
}

@book{skinner1938behavior,
  title={The behavior of organisms: An experimental analysis},
  author={Skinner, Burrhus Frederic},
  year={1938},
  publisher={New York: Appleton-Century-Crofts}
}

@book{skinner1958verbalbehavior,
  title={Verbal Behavior},
  author={Skinner, Burrhus Frederic},
  year={1958},
  publisher={Acton, MA: Copley Publishing Group.}
}

@article{chomsky1959reviewofVB,
  title={A Review of {B. F. Skinner’s Verbal Behavior}},
  author={Chomsky, Noam},
  journal={Language},
  volume={35},
  number={1},
  pages={26-58},
  year={1959}
}

@article{hauserchomsky2002itsalljustrecursion,
  title={The faculty of language: What is it, who has it, and how did it evolve?},
  author={Hauser, Marc D and Chomsky, Noam and Fitch, W Tecumseh},
  journal={science},
  volume={298},
  number={5598},
  pages={1569--1579},
  year={2002},
  publisher={American Association for the Advancement of Science}
}

@article{featherston2007stickandcarrot,
  title={Data in generative grammar: The stick and the carrot},
  author={Featherston, Sam},
  journal={Theoretical linguistics},
  volume={33},
  number={3},
  pages={269--318},
  year={2007}
}

@article{gibson2013quantmethods,
  title={The need for quantitative methods in syntax and semantics research},
  author={Gibson, Edward and Fedorenko, Evelina},
  journal={Language and Cognitive Processes},
  volume={28},
  number={1-2},
  pages={88--124},
  year={2013},
  publisher={Taylor \& Francis}
}
@article{gibson2011turklinguistics,
  title={Using Mechanical Turk to obtain and analyze English acceptability judgments},
  author={Gibson, Edward and Piantadosi, Steve and Fedorenko, Kristina},
  journal={Language and Linguistics Compass},
  volume={5},
  number={8},
  pages={509--524},
  year={2011},
  publisher={Wiley Online Library}
}

@book{chang2003datastructurestextbook,
  title={Data structures and algorithms},
  author={Chang, Shi-Kuo},
  volume={13},
  year={2003},
  publisher={World Scientific}
}

@article{sassoon2011siminlanguage,
  title={Adjectival vs. nominal categorization processes: The rule vs. similarity hypothesis},
  author={Sassoon, Galit W},
  journal={Belgian Journal of Linguistics},
  volume={25},
  number={1},
  pages={104--147},
  year={2011},
  publisher={John Benjamins Publishing Company}
}

@article{pothos2005rulesvssim,
  title={The rules versus similarity distinction},
  author={Pothos, Emmanuel M},
  journal={Behavioral and Brain Sciences},
  volume={28},
  number={01},
  pages={1--14},
  year={2005},
  publisher={Cambridge Univ Press}
}

@article{hodgetts2009transformation,
  title={Transformation and alignment in similarity},
  author={Hodgetts, Carl J and Hahn, Ulrike and Chater, Nick},
  journal={Cognition},
  volume={113},
  number={1},
  pages={62--79},
  year={2009},
  publisher={Elsevier}
}

@article{goodman1972sevenstrictures,
  title={Problems and projects},
  author={Goodman, Nelson},
  publisher={Bobbs Merill},
  year={1972}
}

@article{nosofsky1986similaritycategorization,
  title={Attention, similarity, and the identification--categorization relationship.},
  author={Nosofsky, Robert M},
  journal={Journal of experimental psychology: General},
  volume={115},
  number={1},
  pages={39},
  year={1986},
  publisher={American Psychological Association}
}

@inproceedings{chater1997repdistortion,
  title={Representational distortion, similarity and the universal law of generalization},
  author={Chater, Nick and Hahn, Ulrike},
  booktitle={SimCat97: Proceedings of the Interdisciplinary Workshop on Similarity and Categorization},
  pages={31--36},
  year={1997}
}

@article{chater2008similaritymemory,
  title={From universal laws of cognition to specific cognitive models},
  author={Chater, Nick and Brown, Gordon DA},
  journal={Cognitive Science},
  volume={32},
  number={1},
  pages={36--67},
  year={2008},
  publisher={Wiley Online Library}
}

@article{forbus1995macfacsimretrival,
  title={MAC/FAC: A model of similarity-based retrieval},
  author={Forbus, Kenneth D and Gentner, Dedre and Law, Keith},
  journal={Cognitive science},
  volume={19},
  number={2},
  pages={141--205},
  year={1995},
  publisher={Wiley Online Library}
}

@article{smith1993similaritypropertyinduction,
  title={Similarity, plausibility, and judgments of probability},
  author={Smith, Edward E and Shafir, Eldar and Osherson, Daniel},
  journal={Cognition},
  volume={49},
  number={1},
  pages={67--96},
  year={1993},
  publisher={Elsevier}
}

@book{riesbeck2013casebasedreasoning,
  title={Inside case-based reasoning},
  author={Riesbeck, Christopher K and Schank, Roger C},
  year={2013},
  publisher={Psychology Press}
}

@article{hahn1997conceptsandsim,
  title={Concepts and similarity},
  author={Hahn, Ulrike and Chater, Nick},
  journal={Knowledge, concepts and categories},
  pages={43--92},
  year={1997}
}

@article{medin1993respectsforsim,
  title={Respects for similarity.},
  author={Medin, Douglas L and Goldstone, Robert L and Gentner, Dedre},
  journal={Psychological review},
  volume={100},
  number={2},
  pages={254},
  year={1993},
  publisher={American Psychological Association}
}

@article{shepard1957stimdists,
  title={Stimulus and response generalization: A stochastic model relating generalization to distance in psychological space},
  author={Shepard, Roger N},
  journal={Psychometrika},
  volume={22},
  number={4},
  pages={325--345},
  year={1957},
  publisher={Springer}
}

@article{shepard1962analysisofproximities,
  title={The analysis of proximities: multidimensional scaling with an unknown distance function. I.},
  author={Shepard, Roger N},
  journal={Psychometrika},
  volume={27},
  number={2},
  pages={125--140},
  year={1962},
  publisher={Springer}
}

@article{tversky1977featuresofsimilarity,
  title={Features of similarity.},
  author={Tversky, Amos},
  journal={Psychological review},
  volume={84},
  number={4},
  pages={327},
  year={1977},
  publisher={American Psychological Association}
}

@article{yuille2006inferstructuretodovision,
  title={Vision as Bayesian inference: analysis by synthesis?},
  author={Yuille, Alan and Kersten, Daniel},
  journal={Trends in cognitive sciences},
  volume={10},
  number={7},
  pages={301--308},
  year={2006},
  publisher={Elsevier}
}

@article{markman1993splittingdifferences,
  title={Splitting the differences: A structural alignment view of similarity},
  author={Markman, Arthur B and Gentner, Dedre},
  journal={Journal of Memory and Language},
  volume={32},
  number={4},
  pages={517},
  year={1993},
  publisher={Academic Press}
}

@article{markman1993structuralalignment,
  title={Structural alignment during similarity comparisons},
  author={Markman, Arthur B and Gentner, Dedre},
  journal={Cognitive psychology},
  volume={25},
  number={4},
  pages={431--467},
  year={1993},
  publisher={Elsevier}
}

@article{larkey2005processes,
  title={Processes of similarity judgment},
  author={Larkey, Levi B and Markman, Arthur B},
  journal={Cognitive Science},
  volume={29},
  number={6},
  pages={1061--1076},
  year={2005},
  publisher={Wiley Online Library}
}

@article{hahn2003tformsim,
  title={Similarity as transformation},
  author={Hahn, Ulrike and Chater, Nick and Richardson, Lucy B},
  journal={Cognition},
  volume={87},
  number={1},
  pages={1--32},
  year={2003},
  publisher={Elsevier}
}

@article{chater2003generalizedlawofgeneralization,
  title={The generalized universal law of generalization},
  author={Chater, Nick and Vit{\'a}nyi, Paul MB},
  journal={Journal of Mathematical Psychology},
  volume={47},
  number={3},
  pages={346--369},
  year={2003},
  publisher={Elsevier}
}
@article{shepard1987lawofgeneralization,
  title={Toward a universal law of generalization for psychological science},
  author={Shepard, Roger N and others},
  journal={Science},
  volume={237},
  number={4820},
  pages={1317--1323},
  year={1987}
}

@article{goldstone1994SIAM,
  title={Similarity, interactive activation, and mapping.},
  author={Goldstone, Robert L},
  journal={Journal of Experimental Psychology: Learning, Memory, and Cognition},
  volume={20},
  number={1},
  pages={3},
  year={1994},
  publisher={American Psychological Association}
}

@article{taylor2009LISArelationalsim,
  title={Finding similarity in a model of relational reasoning},
  author={Taylor, Eric G and Hummel, John E},
  journal={Cognitive Systems Research},
  volume={10},
  number={3},
  pages={229--239},
  year={2009},
  publisher={Elsevier}
}

@article{larkey2003CAB,
  title={CAB: Connectionist analogy builder},
  author={Larkey, Levi B and Love, Bradley C},
  journal={Cognitive Science},
  volume={27},
  number={5},
  pages={781--794},
  year={2003},
  publisher={Elsevier}
}
@article{hahn2009tformdirection,
  title={Transformation direction influences shape-similarity judgments},
  author={Hahn, Ulrike and Close, James and Graf, Markus},
  journal={Psychological science},
  volume={20},
  number={4},
  pages={447--454},
  year={2009},
  publisher={SAGE Publications Sage CA: Los Angeles, CA}
}

@book{LiVitanyi1997Kolmogorov,
  title={An introduction to Kolmogorov complexity and its applications},
  author={Ming, Li and Vit{\'a}nyi, Paul},
  year={1997},
  publisher={Springer Heidelberg}
}

@article{imai1977patternsim,
  title={Pattern similarity and cognitive transformations},
  author={Imai, Shiro},
  journal={Acta Psychologica},
  volume={41},
  number={6},
  pages={433--447},
  year={1977},
  publisher={Elsevier}
}

@article{goldstone1991featurenonindependence,
  title={Relational similarity and the nonindependence of features in similarity judgments},
  author={Goldstone, Robert L and Medin, Douglas L and Gentner, Dedre},
  journal={Cognitive psychology},
  volume={23},
  number={2},
  pages={222--262},
  year={1991},
  publisher={Elsevier}
}

@article{hitzman1986schema,
  title={Schema abstraction in a multiple-trace memory model},
  author={Hitzman, D},
  journal={Psychological Review},
  volume={93},
  number={4},
  pages={411--428},
  year={1986}
}

@book{watanabe1969knowingguessing,
  title={Knowing and Guessing a Quantitative Study of Inference and Information},
  author={Watanabe, Satosi},
  year={1969},
  publisher={Wiley, New York}
}

@book{markman1999representation,
author={Markman, Arthur B},
title={Knowledge representation},
year={1999},
publisher={Mahwah, NJ: Lawrence Erlbaum Associates, Inc}
}

@article{wiener1980genreps,
  title={An analysis of generative representation systems},
  author={Wiener-Ehrlich, Willa Kay and Bart, William M and Millward, Richard},
  journal={Journal of Mathematical Psychology},
  volume={21},
  number={3},
  pages={219--246},
  year={1980},
  publisher={Elsevier}
}

@incollection{goldstone2010comparison,
  title={Comparison},
  author={Goldstone, Robert L and Day, Sam and Son, Ji Y},
  booktitle={Towards a theory of thinking},
  pages={103--121},
  year={2010},
  publisher={Springer}
}
@book{ullman1996objectrecog,
title={High-level vision: object recognition and visual cognition},
author={Ullman, Shimon},
year={1996},
publisher={Bradford/MIT Press}
}
@inproceedings{likavec2015ontologiesweightedfeatures,
  title={Property-based Semantic Similarity: What Counts?},
  author={Likavec, Silvia and Cena, Federica},
  booktitle={AIC},
  pages={116--124},
  year={2015}
}

@article{hummel2005LISAuberpaper,
  title={Relational reasoning in a neurally plausible cognitive architecture an overview of the lisa project},
  author={Hummel, John E and Holyoak, Keith J},
  journal={Current Directions in Psychological Science},
  volume={14},
  number={3},
  pages={153--157},
  year={2005},
  publisher={SAGE Publications}
}

@article{gentner1983structuremapping,
  title={Structure-mapping: A theoretical framework for analogy},
  author={Gentner, Dedre},
  journal={Cognitive science},
  volume={7},
  number={2},
  pages={155--170},
  year={1983},
  publisher={Wiley Online Library}
}
@article{guan2008systematicsim,
  title={A new measurement of systematic similarity},
  author={Guan, Yi and Wang, Xiaolong and Wang, Qiang},
  journal={IEEE Transactions on Systems, Man, and Cybernetics-Part A: Systems and Humans},
  volume={38},
  number={4},
  pages={743--758},
  year={2008},
  publisher={IEEE}
}

@article{grimm2012repchanges,
  title={Determining transformation distance in similarity: Considerations for assessing representational changes a priori},
  author={Grimm, Lisa R and Rein, Jonathan R and Markman, Arthur B},
  journal={Thinking \& reasoning},
  volume={18},
  number={1},
  pages={59--80},
  year={2012},
  publisher={Taylor \& Francis}
}

@article{hahn2014similarityreview,
  title={Similarity},
  author={Hahn, Ulrike},
  journal={Wiley Interdisciplinary Reviews: Cognitive Science},
  volume={5},
  number={3},
  pages={271--280},
  year={2014},
  publisher={Wiley Online Library}
}

@article{shahbazi2016kerneltricksimcog,
  title={Similarity, kernels, and the fundamental constraints on cognition},
  author={Shahbazi, Reza and Raizada, Rajeev and Edelman, Shimon},
  journal={Journal of Mathematical Psychology},
  volume={70},
  pages={21--34},
  year={2016},
  publisher={Elsevier}
}

@article{edelman2012renewingsim,
  title={Renewing the respect for similarity},
  author={Edelman, Shimon and Shahbazi, Reza},
  journal={Frontiers in computational neuroscience},
  volume={6},
  year={2012},
  publisher={Frontiers Media SA}
}

@article{tenenbaum2001gensimbayes,
  title={Generalization, similarity, and Bayesian inference},
  author={Tenenbaum, Joshua B and Griffiths, Thomas L},
  journal={Behavioral and brain sciences},
  volume={24},
  number={04},
  pages={629--640},
  year={2001},
  publisher={Cambridge Univ Press}
}

@article{shepard1974repstructurereview,
  title={Representation of structure in similarity data: Problems and prospects},
  author={Shepard, Roger N},
  journal={Psychometrika},
  volume={39},
  number={4},
  pages={373--421},
  year={1974},
  publisher={Springer}
}

@article{nosofsky2017geologyapplications,
  title={On Learning Natural-Science Categories That Violate the Family-Resemblance Principle},
  author={Nosofsky, Robert M and Sanders, Craig A and Gerdom, Alex and Douglas, Bruce J and McDaniel, Mark A},
  journal={Psychological Science},
  pages={0956797616675636},
  year={2017},
  publisher={SAGE Publications Sage CA: Los Angeles, CA}
}
@article{barsalou1983adhoccategories,
  title={Ad hoc categories},
  author={Barsalou, Lawrence W},
  journal={Memory \& cognition},
  volume={11},
  number={3},
  pages={211--227},
  year={1983},
  publisher={Springer}
}

@article{brumby2017cantignoresim,
  title={Ignore Similarity If You Can: A Computational Exploration of Exemplar Similarity Effects on Rule Application},
  author={Brumby, Duncan P and Hahn, Ulrike},
  journal={Frontiers in Psychology},
  volume={8},
  year={2017},
  publisher={Frontiers Media SA}
}

@article{hahn2010exemplarsim,
  title={Exemplar similarity and rule application},
  author={Hahn, Ulrike and Prat-Sala, Merc{\`e} and Pothos, Emmanuel M and Brumby, Duncan P},
  journal={Cognition},
  volume={114},
  number={1},
  pages={1--18},
  year={2010},
  publisher={Elsevier}
}

@article{gentner1997analogysimcrossover,
  title={Structure mapping in analogy and similarity.},
  author={Gentner, Dedre and Markman, Arthur B},
  journal={American psychologist},
  volume={52},
  number={1},
  pages={45},
  year={1997},
  publisher={American Psychological Association}
}
@article{falkenhainer1989SMEspecs,
  title={The structure-mapping engine: Algorithm and examples},
  author={Falkenhainer, Brian and Forbus, Kenneth D and Gentner, Dedre},
  journal={Artificial intelligence},
  volume={41},
  number={1},
  pages={1--63},
  year={1989},
  publisher={Elsevier}
}

@article{chater1999simplicityfundamental,
  title={The search for simplicity: A fundamental cognitive principle?},
  author={Chater, Nick},
  journal={The Quarterly Journal of Experimental Psychology: Section A},
  volume={52},
  number={2},
  pages={273--302},
  year={1999},
  publisher={Taylor \& Francis}
}

@article{biederman1985imageunderstanding,
  title={Human image understanding: Recent research and a theory},
  author={Biederman, Irving},
  journal={Computer vision, graphics, and image processing},
  volume={32},
  number={1},
  pages={29--73},
  year={1985},
  publisher={Elsevier}
}

@article{graf2006coordtformobjrecog,
  title={Coordinate transformations in object recognition.},
  author={Graf, Markus},
  journal={Psychological Bulletin},
  volume={132},
  number={6},
  pages={920},
  year={2006},
  publisher={American Psychological Association}
}

@inproceedings{pothos2011quantumsim,
  title={A Quantum Probability Explanation for Violations of Symmetry in Similarity Judgments.},
  author={Pothos, Emmanuel M and Busemeyer, Jerome R},
  booktitle={CogSci},
  year={2011}
}

@article{garner1963gestaltgoodness,
  title={Goodness of pattern and pattern uncertainty},
  author={Garner, Wendall R and Clement, David E},
  journal={Journal of Verbal Learning and Verbal Behavior},
  volume={2},
  number={5-6},
  pages={446--452},
  year={1963},
  publisher={Elsevier}
}

@inproceedings{muller2009simtractability,
  title={Similarity as tractable transformation},
  author={M{\"u}ller, Moritz and van Rooij, Iris and Wareham, Todd},
  booktitle={Proceedings of the 31st annual conference of the cognitive science society},
  pages={50--55},
  year={2009}
}
@article{hodgetts2012asymmetries,
  title={Similarity-based asymmetries in perceptual matching},
  author={Hodgetts, Carl J and Hahn, Ulrike},
  journal={Acta psychologica},
  volume={139},
  number={2},
  pages={291--299},
  year={2012},
  publisher={Elsevier}
}

@article{Beltran2015rhythmsimtranswins,
  author    = {Juan Felipe Beltran and
               Xiaohua Liu and
               Nishant Mohanchandra and
               Godfried T. Toussaint},
  title     = {Measuring Musical Rhythm Similarity: Statistical Features Versus Transformation Methods},
  journal   = {International Journal of Pattern Recognition and Artificial Intelligence},
  volume    = {29},
  number    = {2},
  year      = {2015},
  timestamp = {Fri, 10 Apr 2015 16:28:12 +0200},
  biburl    = {http://dblp.uni-trier.de/rec/bib/journals/ijprai/BeltranLMT15},
  bibsource = {dblp computer science bibliography, http://dblp.org}
}

@inproceedings{gershman2015phrasesimilarity,
author={Gershman, SJ and Tenenbaum, J},
title={Phrase similarity in humans and machines},
booktitle={Proceedings of the 37th Annual Conference of the Cognitive Science Society},
year={2015}
}

@article{forbus2016bigrecentSMEreview,
  title={Extending SME to Handle Large-Scale Cognitive Modeling},
  author={Forbus, Kenneth D and Ferguson, Ronald W and Lovett, Andrew and Gentner, Dedre},
  journal={Cognitive Science},
  year={2016},
  publisher={Wiley Online Library}
}

@article{ennis1993thurstonesheparddeepmathconnection,
  title={Thurstone-Shepard similarity models as special cases of moment generating functions},
  author={Ennis, Daniel M and Johnson, Norman L},
  journal={Journal of Mathematical Psychology},
  volume={37},
  number={1},
  pages={104--110},
  year={1993},
  publisher={Elsevier}
}

@article{gentner1995twoforces,
  title={Two forces in the development of relational similarity},
  author={Gentner, Dedre and Rattermann, Mary Jo and Markman, Arthur and Kotovsky, Laura},
  journal={Developing cognitive competence: New approaches to process modeling},
  pages={263--313},
  year={1995}
}

@article{mellers1994simandchoice,
  title={Similarity and choice.},
  author={Mellers, Barbara A and Biagini, Karen},
  journal={Psychological Review},
  volume={101},
  number={3},
  pages={505},
  year={1994},
  publisher={American Psychological Association}
}

@article{lovett2009timecourse,
  title={Using analogical mapping to simulate time-course phenomena in perceptual similarity},
  author={Lovett, Andrew and Gentner, Dedre and Forbus, Kenneth and Sagi, Eyal},
  journal={Cognitive Systems Research},
  volume={10},
  number={3},
  pages={216--228},
  year={2009},
  publisher={Elsevier}
}

@article{sagi2012differenceresim,
  title={What difference reveals about similarity},
  author={Sagi, Eyal and Gentner, Dedre and Lovett, Andrew},
  journal={Cognitive Science},
  volume={36},
  number={6},
  pages={1019--1050},
  year={2012},
  publisher={Wiley Online Library}
}

@article{kurtz2013detectinganomaly,
  title={Detecting anomalous features in complex stimuli: the role of structured comparison.},
  author={Kurtz, Kenneth J and Gentner, Dedre},
  journal={Journal of Experimental Psychology: Applied},
  volume={19},
  number={3},
  pages={219},
  year={2013},
  publisher={American Psychological Association}
}

@article{castro2013diversesamediffstrategies,
  title={Humans deploy diverse strategies in learning same--different discrimination tasks},
  author={Castro, Leyre and Wasserman, Edward A},
  journal={Behavioural processes},
  volume={93},
  pages={125--139},
  year={2013},
  publisher={Elsevier}
}

@article{austerweil2016learninginvariants,
  title={Learning to Be (In) variant: Combining Prior Knowledge and Experience to Infer Orientation Invariance in Object Recognition},
  author={Austerweil, Joseph L and Griffiths, Thomas L and Palmer, Stephen E},
  journal={Cognitive Science},
  year={2016},
  publisher={Wiley Online Library}
}
@inproceedings{austerweil2010tIBP,
  title={Learning invariant features using the transformed Indian buffet process},
  author={Austerweil, Joseph L and Griffiths, Thomas L},
  booktitle={Advances in neural information processing systems},
  pages={82--90},
  year={2010}
}

@article{milajevs2016simrespectmodelmeaning,
  title={Treating similarity with respect: How to evaluate models of meaning},
  author={Milajevs, Dmitrijs and Griffiths, Sascha},
  journal={CoRR, abs/1605.04553},
  year={2016}
}

@article{biederman1987recognitionbycomponents,
  title={Recognition-by-components: a theory of human image understanding.},
  author={Biederman, Irving},
  journal={Psychological review},
  volume={94},
  number={2},
  pages={115},
  year={1987},
  publisher={American Psychological Association}
}
@article{wattenmaker1988structurenecessary,
  title={Relationships between similarity-based and explanation-based categorization.},
  author={Wattenmaker, William D and Nakamura, Glenn V and Medin, Douglas L},
  year={1988},
  publisher={New York University Press}
}

@article{mark1981perceptionofgrowth,
  title={Perception of growth: A geometric analysis of how different styles of change are distinguished.},
  author={Mark, Leonard S and Todd, James T and Shaw, Robert E},
  journal={Journal of Experimental Psychology: Human Perception and Performance},
  volume={7},
  number={4},
  pages={855},
  year={1981},
  publisher={American Psychological Association}
}
@article{freyd1983inferredmotion,
  title={The mental representation of movement when static stimuli are viewed},
  author={Freyd, Jennifer J},
  journal={Perception \& Psychophysics},
  volume={33},
  number={6},
  pages={575--581},
  year={1983},
  publisher={Springer}
}

@article{troje2008biologicalmotion,
  title={Biological motion perception},
  author={Troje, Nikolaus F and Basbaum, A},
  journal={The senses: A comprehensive reference},
  volume={2},
  pages={231--238},
  year={2008},
  publisher={Academic Press San Diego, CA}
}

@inproceedings{sadanand2012actionbank,
  title={Action bank: A high-level representation of activity in video},
  author={Sadanand, Sreemanananth and Corso, Jason J},
  booktitle={Computer Vision and Pattern Recognition (CVPR), 2012 IEEE Conference on},
  pages={1234--1241},
  year={2012},
  organization={IEEE}
}

@inproceedings{little2012bayesianravens,
  title={A Bayesian Model of Rule Induction in Raven's Progressive Matrices.},
  author={Little, Daniel R and Lewandowsky, Stephan and Griffiths, Thomas L and others},
  booktitle={CogSci},
  year={2012}
}

@article{austerweil2013nonparamflexifeature,
title={A nonparametric Bayesian framework for constructing flexible feature representations.},
  author={Austerweil, Joseph L and Griffiths, Thomas L},
  journal={Psychological review},
  volume={120},
  number={4},
  pages={817},
  year={2013},
  publisher={American Psychological Association}
}

@article{ashby1991predsimandcatfromid,
  title={Predicting similarity and categorization from identification.},
  author={Ashby, F Gregory and Lee, W William},
  journal={Journal of Experimental Psychology: General},
  volume={120},
  number={2},
  pages={150},
  year={1991},
  publisher={American Psychological Association}
}

@article{lamberts2003exemplarmodelofevents,
  title={An exemplar model for perceptual categorization of events},
  author={Lamberts, Koen},
  journal={Psychology of Learning and Motivation},
  volume={44},
  pages={227--260},
  year={2003},
  publisher={Elsevier}
}

@article{pollick2008movementrecog,
  title={Movement style, movement features, and the recognition of affect from human movement},
  author={Pollick, FRANK E and Paterson, HM},
  journal={Understanding events: From perception to action},
  pages={286--308},
  year={2008}
}

@article{nosofsky1992similarityscaling,
  title={Similarity scaling and cognitive process models},
  author={Nosofsky, Robert M},
  journal={Annual review of Psychology},
  volume={43},
  number={1},
  pages={25--53},
  year={1992},
  publisher={Annual Reviews 4139 El Camino Way, PO Box 10139, Palo Alto, CA 94303-0139, USA}
}

@article{navarro2008latentfeatures,
  title={Latent features in similarity judgments: A nonparametric Bayesian approach},
  author={Navarro, Daniel J and Griffiths, Thomas L},
  journal={Neural computation},
  volume={20},
  number={11},
  pages={2597--2628},
  year={2008},
  publisher={MIT Press}
}

@article{li2004similaritymetric,
  title={The similarity metric},
  author={Li, Ming and Chen, Xin and Li, Xin and Ma, Bin and Vit{\'a}nyi, Paul MB},
  journal={IEEE transactions on Information Theory},
  volume={50},
  number={12},
  pages={3250--3264},
  year={2004},
  publisher={IEEE}
}
@article{bennett1998informationdistance,
  title={Information distance},
  author={Bennett, Charles H and G{\'a}cs, P{\'e}ter and Li, Ming and Vit{\'a}nyi, Paul MB and Zurek, Wojciech H},
  journal={IEEE Transactions on information theory},
  volume={44},
  number={4},
  pages={1407--1423},
  year={1998},
  publisher={IEEE}
}

@article{potter2014visprocessingspeeds,
  title={Detecting meaning in RSVP at 13 ms per picture},
  author={Potter, Mary C and Wyble, Brad and Hagmann, Carl Erick and McCourt, Emily S},
  journal={Attention, Perception, \& Psychophysics},
  volume={76},
  number={2},
  pages={270--279},
  year={2014},
  publisher={Springer}
}

@article{medin1997treeexperts,
  title={Categorization and reasoning among tree experts: Do all roads lead to Rome?},
  author={Medin, Douglas L and Lynch, Elizabeth B and Coley, John D and Atran, Scott},
  journal={Cognitive psychology},
  volume={32},
  number={1},
  pages={49--96},
  year={1997},
  publisher={Elsevier}
}

@article{honore2017wineexperts,
  title={Knowledge representation among assessors through free hierarchical sorting and a semi-directed interview: Exploring Beaujolais wines},
  author={Honor{\'e}-Chedozeau, Carole and Leli{\`e}vre-Desmas, Maud and Ballester, Jordi and Chollet, S and Valentin, Dominique},
  journal={Food Quality and Preference},
  volume={57},
  pages={17--31},
  year={2017},
  publisher={Elsevier}
}

@article{shafto2003fishexperts,
  title={Development of categorization and reasoning in the natural world: Novices to experts, naive similarity to ecological knowledge},
  author={Shafto, Patrick and Coley, John D},
  journal={Journal of Experimental Psychology-Learning Memory and Cognition},
  volume={29},
  number={4},
  pages={641--648},
  year={2003},
  publisher={Citeseer}
}

@article{thurstone1927lawofcomparativejudgment,
  title={A law of comparative judgment.},
  author={Thurstone, Louis L},
  journal={Psychological review},
  volume={34},
  number={4},
  pages={273},
  year={1927},
  publisher={Psychological Review Company}
}

@book{ennis2016thurstonianmodels,
  title={Thurstonian Models: Categorical Decision Making in the Presence of Noise},
  author={Ennis, Daniel M},
  year={2016},
  publisher={Institute for Perception}
}

@article{selker2017thurstonetopnlists,
  title={Thurstonian cognitive models for aggregating top-n lists.},
  author={Selker, Ravi and Lee, Michael D and Iyer, Ravi},
  journal={Decision},
  volume={4},
  number={2},
  pages={87},
  year={2017},
  publisher={Educational Publishing Foundation}
}

@article{omahony2003foodprefs,
  title={Discrimination testing: a few ideas, old and new},
  author={O'Mahony, Michael and others},
  journal={Food Quality and Preference},
  volume={14},
  number={2},
  pages={157--164},
  year={2003},
  publisher={Elsevier}
}

@inproceedings{plummer2003jags,
  title={JAGS: A program for analysis of Bayesian graphical models using Gibbs sampling},
  author={Plummer, Martyn and others},
  booktitle={Proceedings of the 3rd international workshop on distributed statistical computing},
  volume={124},
  pages={125},
  year={2003},
  organization={Vienna}
}

@article{tversky1969preferenceintransitivity,
  title={Intransitivity of Preferences},
  author={Tversky, Amos},
  journal={Preference, Belief, and Similarity},
  pages={433},
  year={1969}
}

@article{cavagnaro2014transitiveafterall,
  title={Transitive in our preferences, but transitive in different ways: An analysis of choice variability.},
  author={Cavagnaro, Daniel R and Davis-Stober, Clintin P},
  journal={Decision},
  volume={1},
  number={2},
  pages={102},
  year={2014},
  publisher={Educational Publishing Foundation}
}

@article{thurstone1931usingfewercomparisons,
  title={Rank order as a psycho-physical method.},
  author={Thurstone, Louis L},
  journal={Journal of Experimental Psychology},
  volume={14},
  number={3},
  pages={187},
  year={1931},
  publisher={Psychological Review Company}
}

@book{borg2005modernMDSbook,
  title={Modern multidimensional scaling: Theory and applications},
  author={Borg, Ingwer and Groenen, Patrick JF},
  year={2005},
  publisher={Springer Science \& Business Media}
}

@article{drasgow2010thurstonewasright,
  title={75 years after {L}ikert: Thurstone was right!},
  author={Drasgow, Fritz and Chernyshenko, Oleksandr S and Stark, Stephen},
  journal={Industrial and Organizational Psychology},
  volume={3},
  number={4},
  pages={465--476},
  year={2010},
  publisher={Wiley Online Library}
}

@article{gibbs2006coglinguisticsintrospection,
  title={Introspection and cognitive linguistics: should we trust our own intuitions?},
  author={Gibbs Jr, Raymond W},
  journal={Annual Review of Cognitive Linguistics},
  volume={4},
  number={1},
  pages={135--151},
  year={2006},
  publisher={John Benjamins Publishing Company}
}

@book{schutze2016empiricalbase,
  title={The empirical base of linguistics: Grammaticality judgments and linguistic methodology},
  author={Sch{\"u}tze, Carson T},
  year={2016},
  publisher={Language Science Press}
}

@article{geeraerts2006coglingmethods,
  title={Methodology in cognitive linguistics},
  author={Geeraerts, Dirk},
  year={2006},
  publisher={Mouton de Gruyter}
}

@book{gonzalez2007coglingmethodsbook,
  title={Methods in cognitive linguistics},
  author={Gonzalez-Marquez, Monica},
  volume={18},
  year={2007},
  publisher={John Benjamins Publishing}
}

@article{stevens1956magest_source,
  title={The direct estimation of sensory magnitudes: Loudness},
  author={Stevens, Stanley Smith},
  journal={The American journal of psychology},
  volume={69},
  number={1},
  pages={1--25},
  year={1956},
  publisher={JSTOR}
}

@article{bard1996magest_enterslinguistics,
  title={Magnitude estimation of linguistic acceptability},
  author={Bard, Ellen Gurman and Robertson, Dan and Sorace, Antonella},
  journal={Language},
  pages={32--68},
  year={1996},
  publisher={JSTOR}
}

@book{cowart1997magest_becomespopular,
  title={Experimental syntax: Applying objective methods to sentence judgments},
  author={Cowart, Wayne},
  year={1997},
  publisher={Sage publications}
}

@incollection{zalta2003ancientgreeks,
  author      = "Heraclitus",
  title       = "Panta rhei",
  editor      = "Zalta, Edward N and others",
  booktitle   = "Stanford encyclopedia of philosophy (2003)",
  publisher   = "Stanford University. The Metaphysics Research Lab",
  year        = "400BCE"
}

@inproceedings{wan2014deeplearning_contentbasedimageretrival,
  title={Deep learning for content-based image retrieval: A comprehensive study},
  author={Wan, Ji and Wang, Dayong and Hoi, Steven Chu Hong and Wu, Pengcheng and Zhu, Jianke and Zhang, Yongdong and Li, Jintao},
  booktitle={Proceedings of the 22nd ACM international conference on Multimedia},
  pages={157--166},
  year={2014},
  organization={ACM}
}

@article{davis2014memorycategorization_sharedneuro,
  title={Global neural pattern similarity as a common basis for categorization and recognition memory},
  author={Davis, Tyler and Xue, Gui and Love, Bradley C and Preston, Alison R and Poldrack, Russell A},
  journal={Journal of Neuroscience},
  volume={34},
  number={22},
  pages={7472--7484},
  year={2014},
  publisher={Soc Neuroscience}
}

@article{kruschke1992alcove,
  title={ALCOVE: An exemplar-based connectionist model of category learning.},
  author={Kruschke, John K},
  journal={Psychological review},
  volume={99},
  number={1},
  pages={22},
  year={1992},
  publisher={American Psychological Association}
}

@article{love2004sustain,
  title={SUSTAIN: a network model of category learning.},
  author={Love, Bradley C and Medin, Douglas L and Gureckis, Todd M},
  journal={Psychological review},
  volume={111},
  number={2},
  pages={309},
  year={2004},
  publisher={American Psychological Association}
}

@inproceedings{russell1986simanalogy_normative,
  title={A quantitative analysis of analogy by similarity},
    author={Russell, Stuart J},
    booktitle={Proceedings of the national conference on artificial intelligence},
  pages={284--288},
  year={1986}
}

@article{navarro2012samplingassumptions,
  title={Sampling assumptions in inductive generalization},
  author={Navarro, Daniel J and Dry, Matthew J and Lee, Michael D},
  journal={Cognitive Science},
  volume={36},
  number={2},
  pages={187--223},
  year={2012},
  publisher={Wiley Online Library}
}

@inproceedings{navarro2006naturalkindscomplexcat,
  title={From natural kinds to complex categories},
  author={Navarro, Daniel J},
  booktitle={In Proceedings of the 28th Annual Conference of the Cognitive Science Society (pp. 621--626). Mahwah},
  organization={Citeseer}
}

@article{boroditsky2001sphericalcow,
  title={First, we assume a spherical cow...},
  author={Boroditsky, Lera and Ramscar, Michael},
  journal={Behavioral and Brain Sciences},
  volume={24},
  number={04},
  pages={656--657},
  year={2001},
  publisher={Cambridge Univ Press}
}

@article{gentner2001exhumingsim,
  title={Exhuming similarity},
  author={Gentner, Dedre},
  journal={Behavioral and Brain Sciences},
  volume={24},
  number={04},
  pages={669--669},
  year={2001},
  publisher={Cambridge Univ Press}
}

@article{bellet2013metriclearningsurvey,
  title={A survey on metric learning for feature vectors and structured data},
  author={Bellet, Aur{\'e}lien and Habrard, Amaury and Sebban, Marc},
  journal={arXiv preprint arXiv:1306.6709},
  year={2013}
}

@article{hahn1998aresimvsrulesdistinct,
  title={Similarity and rules: distinct? exhaustive? empirically distinguishable?},
  author={Hahn, Ulrike and Chater, Nick},
  journal={Cognition},
  volume={65},
  number={2},
  pages={197--230},
  year={1998},
  publisher={Elsevier}
}

@article{milton2016simvsrulesneuro,
  title={The Neural Correlates of Similarity-and Rule-based Generalization},
  author={Milton, Fraser and Bealing, Pippa and Carpenter, Kathryn L and Bennattayallah, Abdelmalek and Wills, Andy J},
  journal={Journal of Cognitive Neuroscience},
  year={2016},
  publisher={MIT Press}
}

@inproceedings{austerweil2010learn_L1vsL2space,
  title={Learning hypothesis spaces and dimensions through concept learning},
  author={Austerweil, Joseph L and Griffiths, Thomas L and others},
  booktitle={Proceedings of the 32nd annual conference of the cognitive science society},
  pages={73--78},
  year={2010}
}

@article{goldstone2001sensitizationdimscatlearning,
  title={The sensitization and differentiation of dimensions during category learning.},
  author={Goldstone, Robert L and Steyvers, Mark},
  journal={Journal of Experimental Psychology: General},
  volume={130},
  number={1},
  pages={116},
  year={2001},
  publisher={American Psychological Association}
}

@article{soto2014rationaldimensiongeneralization,
  title={Explaining compound generalization in associative and causal learning through rational principles of dimensional generalization.},
  author={Soto, Fabian A and Gershman, Samuel J and Niv, Yael},
  journal={Psychological review},
  volume={121},
  number={3},
  pages={526},
  year={2014},
  publisher={American Psychological Association}
}

@article{weskott2011informativity,
  title={On the informativity of different measures of linguistic acceptability},
  author={Weskott, Thomas and Fanselow, Gisbert},
  journal={Language},
  volume={87},
  number={2},
  pages={249--273},
  year={2011},
  publisher={Linguistic Society of America}
}

@article{sprouse2011MEnotcommutative,
  title={A test of the cognitive assumptions of magnitude estimation: Commutativity does not hold for acceptability judgments},
  author={Sprouse, Jon},
  journal={Language},
  volume={87},
  number={2},
  pages={274--288},
  year={2011},
  publisher={Linguistic Society of America}
}

@article{sprouse2008nonlinear,
  title={Magnitude estimation and the non-linearity of acceptability judgments},
  author={Sprouse, Jon},
  journal={Proceedings of the {W}est {C}oast {C}onference on {F}ormal {L}inguistics},
  volume={27},
  pages={397--403},
  year={2008},
  publisher={WCCFLP}
}

@article{weskott2011informativity,
  title={On the informativity of different measures of linguistic acceptability},
  author={Weskott, Thomas and Fanselow, Gisbert},
  journal={Language},
  volume={87},
  number={2},
  pages={249--273},
  year={2011},
  publisher={Linguistic Society of America}
}

@article{featherston2009boilingfreezingME,
  title={A scale for measuring well-formedness: Why syntax needs boiling and freezing points},
  author={Featherston, Sam},
  journal={The fruits of empirical linguistics},
  volume={1},
  pages={47--73},
  year={2009}
}

@inproceedings{kemp2005generativesim,
  title={A generative theory of similarity},
  author={Kemp, Charles and Bernstein, Aaron and Tenenbaum, Joshua B},
  booktitle={Proceedings of the 27th Annual Conference of the Cognitive Science Society},
  pages={1132--1137},
  year={2005}
}

@article{dkabrowska2010naivevsexpert,
  title={Naive v. expert intuitions: An empirical study of acceptability judgments},
  author={Dabrowska, Ewa},
  journal={The linguistic review},
  volume={27},
  number={1},
  pages={1--23},
  year={2010}
}

@article{phillips2009impeacharmchairlinguists,
  title={Should we impeach armchair linguists},
  author={Phillips, Colin},
  journal={Japanese/Korean Linguistics},
  volume={17},
  pages={49--64},
  year={2009},
  publisher={CSLI Stanford}
}

@article{featherston2009relaxleanback,
  title={Relax, lean back, and be a linguist},
  author={Featherston, Sam},
  journal={Zeitschrift f{\"u}r Sprachwissenschaft},
  volume={28},
  number={1},
  pages={127--132},
  year={2009}
}

@article{culbertson2009linguistsbettersubjects,
  title={Are linguists better subjects?},
  author={Culbertson, Jennifer and Gross, Steven},
  journal={The British journal for the philosophy of science},
  volume={60},
  number={4},
  pages={721--736},
  year={2009},
  publisher={Oxford University Press}
}


@article{sprouse2013formalinformal,
  title={A comparison of informal and formal acceptability judgments using a random sample from Linguistic Inquiry 2001--2010},
  author={Sprouse, Jon and Sch{\"u}tze, Carson T and Almeida, Diogo},
  journal={Lingua},
  volume={134},
  pages={219--248},
  year={2013},
  publisher={Elsevier}
}

@article{mahowald2016snapjudgments,
  title={SNAP judgments: A small N acceptability paradigm (SNAP) for linguistic acceptability judgments},
  author={Mahowald, Kyle and Graff, Peter and Hartman, Jeremy and Gibson, Edward},
  journal={Language},
  volume={92},
  number={3},
  pages={619--635},
  year={2016},
  publisher={Linguistic Society of America}
}

@article{branigan2016experimentalapproachtoling,
  title={An experimental approach to linguistic representation},
  author={Branigan, Holly P and Pickering, Martin J},
  journal={Behavioral and Brain Sciences},
  pages={1--73},
  year={2016},
  publisher={Cambridge University Press}
}

@inproceedings{hendrickson2015simtimecourse,
  title={Quantifying the time course of similarity.},
  author={Hendrickson, Andrew and Navarro, Daniel J and Donkin, Christopher},
  booktitle={Proceedings of the 37th Annual Conference of the Cognitive Science Society},
  year={2015},
  pages={908--913},
  editor={DC Noelle, R Dale, AS Warlaumont, J Yoshimi, T Matlock, CD Jennings and PP Maglio}
}

@article{gibson2013responsetosprousealmeida,
  title={Quantitative methods in syntax/semantics research: A response to Sprouse and Almeida (2013)},
  author={Gibson, Edward and Piantadosi, Steven T and Fedorenko, Evelina},
  journal={Language and Cognitive Processes},
  volume={28},
  number={3},
  pages={229--240},
  year={2013},
  publisher={Taylor \& Francis}
}

@article{myers2009designsmallscale,
  title={The design and analysis of small-scale syntactic judgment experiments},
  author={Myers, James},
  journal={Lingua},
  volume={119},
  number={3},
  pages={425--444},
  year={2009},
  publisher={Elsevier}
}

@article{linzen2015acceptabilityreliabilitycrosslanguage,
  title={The reliability of acceptability judgments across languages},
  author={Linzen, Tal and Oseki, Yohei},
  journal={New York: New York University, ms},
  year={2015}
}

@article{phillips2003evidencereplytoedelman,
  title={Linguistics and empirical evidence: Reply to Edelman and Christiansen},
  author={Phillips, Colin and Lasnik, Howard},
  journal={Trends in cognitive sciences},
  volume={7},
  number={2},
  pages={61--62},
  year={2003},
  publisher={Elsevier Current Trends}
}

@article{bland2007agreementbiopharmastats,
  title={Agreement between methods of measurement with multiple observations per individual},
  author={Bland, J Martin and Altman, Douglas G},
  journal={Journal of biopharmaceutical statistics},
  volume={17},
  number={4},
  pages={571--582},
  year={2007},
  publisher={Taylor \& Francis}
}

@article{bland1999measuringagreement,
  title={Measuring agreement in method comparison studies},
  author={Bland, J Martin and Altman, Douglas G},
  journal={Statistical methods in medical research},
  volume={8},
  number={2},
  pages={135--160},
  year={1999},
  publisher={Sage Publications Sage CA: Thousand Oaks, CA}
}
