@article{lau2016lingprobview,
  title={Grammaticality, acceptability, and probability: a probabilistic view of linguistic knowledge},
  author={Lau, Jey Han and Clark, Alexander and Lappin, Shalom},
  journal={Cognitive Science},
  year={2016},
  publisher={Wiley Online Library}
}

@book{aarts2007syntacticgradience,
  title={Syntactic gradience: The nature of grammatical indeterminacy},
  author={Aarts, Bas},
  year={2007},
  publisher={Oxford University Press}
}

@inproceedings{lau2015unsupervisedpredofaccjudge,
  title={Unsupervised Prediction of Acceptability Judgements.},
  author={Lau, Jey Han and Clark, Alexander and Lappin, Shalom},
  booktitle={ACL (1)},
  pages={1618--1628},
  year={2015}
}

@misc{MP_jagsblog,
  title = {{JAGS news}},
  howpublished = {\url{https://martynplummer.wordpress.com/2012/09/02/stan/}},
  author={Martyn Plummer},
  note = {Accessed: 2017-03-18}
}

@article{brier1950brierscore,
  title={Verification of forecasts expressed in terms of probability},
  author={Brier, Glenn W},
  journal={Monthly weather review},
  volume={78},
  number={1},
  pages={1--3},
  year={1950}
}

@incollection{aarts2004fuzzygrammarreader,
  title={Fuzzy grammar: the nature of grammatical categories and their representation},
  author={Aarts, B and Denison, D and Keizer, E and Popova, G},
  year={2004},
  publisher={Oxford University Press}
}

@book{fanselow2006gradience,
  title={Gradience in grammar: Generative perspectives},
  author={Fanselow, Gisbert},
  year={2006},
  publisher={Oxford University Press}
}

@article{hofmeister2013grammarvsprocessing,
  title={The source ambiguity problem: Distinguishing the effects of grammar and processing on acceptability judgments},
  author={Hofmeister, Philip and Jaeger, T Florian and Arnon, Inbal and Sag, Ivan A and Snider, Neal},
  journal={Language and Cognitive Processes},
  volume={28},
  number={1-2},
  pages={48--87},
  year={2013},
  publisher={Taylor \& Francis}
}

@article{sorace2005gradience,
  title={Gradience in linguistic data},
  author={Sorace, Antonella and Keller, Frank},
  journal={Lingua},
  volume={115},
  number={11},
  pages={1497--1524},
  year={2005},
  publisher={Elsevier}
}

@article{gelman2006sdprior,
  title={Prior distributions for variance parameters in hierarchical models (comment on article by Browne and Draper)},
  author={Gelman, Andrew and others},
  journal={Bayesian analysis},
  volume={1},
  number={3},
  pages={515--534},
  year={2006},
  publisher={International Society for Bayesian Analysis}
}

@article{norvig2009ihavethebiggestcorpusiwin,
  title={The unreasonable effectiveness of data},
  author={Halevy, Alon and Norvig, Peter and Pereira, Fernando},
  journal={IEEE Intelligent Systems},
  volume={24},
  number={2},
  pages={8--12},
  year={2009},
  publisher={IEEE}
}

@article{manning2003probabilisticsyntaxbook,
  title={Probabilistic syntax},
  author={Manning, Christopher D},
  journal={Probabilistic linguistics},
  pages={289--341},
  year={2003}
}

@book{chomsky1965aspect,
  title={Aspects of the theory of syntax},
  author={Chomsky, Noam},
  publisher={MIT Press},
  year={1965}
}

@article{myers2009smallexpdesign,
  title={The design and analysis of small-scale syntactic judgment experiments},
  author={Myers, James},
  journal={Lingua},
  volume={119},
  number={3},
  pages={425--444},
  year={2009},
  publisher={Elsevier}
}

@article{lau2016grammaticality,
  title={Grammaticality, acceptability, and probability: a probabilistic view of linguistic knowledge},
  author={Lau, Jey Han and Clark, Alexander and Lappin, Shalom},
  journal={Cognitive Science},
  year={2016},
  publisher={Wiley Online Library}
}

@book{manning1999statlangfoundations,
  title={Foundations of statistical natural language processing},
  author={Manning, Christopher D and Sch{\"u}tze, Hinrich and others},
  volume={999},
  year={1999},
  publisher={MIT Press}
}

@article{sprouse2013formalinformal,
  title={A comparison of informal and formal acceptability judgments using a random sample from Linguistic Inquiry 2001--2010},
  author={Sprouse, Jon and Sch{\"u}tze, Carson T and Almeida, Diogo},
  journal={Lingua},
  volume={134},
  pages={219--248},
  year={2013},
  publisher={Elsevier}
}

@article{sprouse2007continuousacceptabilitycatgram,
  title={Continuous acceptability, categorical grammaticality, and experimental syntax},
  author={Sprouse, Jon},
  journal={Biolinguistics},
  volume={1},
  pages={123--134},
  year={2007}
}

@book{mcnicol2005sigdetectionprimer,
  title={A primer of signal detection theory},
  author={McNicol, Don},
  year={2005},
  publisher={Psychology Press}
}

@article{spencer1973nonlinguistsdisagreeonhalftheitems,
  title={Differences between linguists and nonlinguists in intuitions of grammaticality-acceptability},
  author={Spencer, Nancy Jane},
  journal={Journal of psycholinguistic research},
  volume={2},
  number={2},
  pages={83--98},
  year={1973},
  publisher={Springer}
}

@article{danziger1980historyofintrospection,
  title={The history of introspection reconsidered},
  author={Danziger, Kurt},
  journal={Journal of the History of the Behavioral Sciences},
  volume={16},
  number={3},
  pages={241--262},
  year={1980}
}

@article{wasow2005intuitionsinlingargs,
  title={Intuitions in linguistic argumentation},
  author={Wasow, Thomas and Arnold, Jennifer},
  journal={Lingua},
  volume={115},
  number={11},
  pages={1481--1496},
  year={2005},
  publisher={Elsevier}
}

@article{gibson2013needquantmethods,
  title={The need for quantitative methods in syntax and semantics research},
  author={Gibson, Edward and Fedorenko, Evelina},
  journal={Language and Cognitive Processes},
  volume={28},
  number={1-2},
  pages={88--124},
  year={2013},
  publisher={Taylor \& Francis}
}

@article{sprouse2017grammaruseofdata,
  title={Grammar and the use of data},
  author={Sprouse, Jon and Sch{\"u}tze, Carson T},
  year={2017},
  publisher={Oxford University Press},
  comment={Sprouse, Jon; & Schütze, Carson T. (2017). Grammar and the use of data. In The Oxford Handbook of English Grammar Location: Oxford University Press. UCLA: Retrieved from: http://escholarship.org/uc/item/0n100842}
}

@article{sprouse2013roleofexpsyntaxinlangsci,
  title={The role of experimental syntax in an integrated cognitive science of language},
  author={Sprouse, Jon and Almeida, Diogo},
  journal={The Cambridge handbook of biolinguistics},
  pages={181--202},
  year={2013}
}

@article{vul2008crowdwithin,
  title={Measuring the crowd within: Probabilistic representations within individuals},
  author={Vul, Edward and Pashler, Harold},
  journal={Psychological Science},
  volume={19},
  number={7},
  pages={645--647},
  year={2008},
  publisher={SAGE Publications Sage CA: Los Angeles, CA}
}

@inproceedings{haussler2016replicationposter,
  title={Unsupervised Prediction of Acceptability Judgements.},
  author={H{\"a}ussler, J., Juzek, T. & Wasow, T},
  booktitle={To be grammatical or not to be grammatical – Is that the question?},
  pages={Annual Meeting of the Linguistic Society of America},
  year={2016}
}