@article{van_rooij_rational_INPRESS,
	title = {Rational analysis, intractability, and the prospects of ‘as if’-explanations},
	journal = {Synthese},
	year= {in press},
	author = {van Rooij, Iris and Wright, Cory D. and Kwisthout, Johan and Wareham, Todd},
	file = {[HTML] from springer.com:/Users/dan/Dropbox/Apps/ZotPad/storage/3499QCPZ/fulltext.html:text/html;Snapshot:/Users/dan/Dropbox/Apps/ZotPad/storage/RPFV6S7I/s11229-014-0532-0.html:text/html;van Rooij et al. - 2014 - Rational analysis, intractability, and the prospec.pdf:/Users/dan/Dropbox/Apps/ZotPad/storage/E7MZZ8PS/van Rooij et al. - 2014 - Rational analysis, intractability, and the prospec.pdf:application/pdf}
}

@article{mehlhorn_unpacking_INPRESS,
	title = {Unpacking the {exploration}-{exploitation} {tradeoff}: {A} {synthesis} of {human} and {animal} {literatures}.},
	shorttitle = {Unpacking the {Exploration}-{Exploitation} {Tradeoff}},
	journal = {Decision},
	year = {2015},
	volume = 2,
	pages = {191-215},
	author = {Mehlhorn, Katja and Newell, Ben R. and Todd, Peter M. and Lee, Michael D. and Morgan, Kate and Braithwaite, Victoria A. and Hausmann, Daniel and Fiedler, Klaus and Gonzalez, Cleotilde},
	file = {Mehlhorn et al. - 2015 - Unpacking the Exploration–Exploitation Tradeoff A.pdf:/Users/dan/Dropbox/Apps/ZotPad/storage/IMCEEUFW/Mehlhorn et al. - 2015 - Unpacking the Exploration–Exploitation Tradeoff A.pdf:application/pdf}
}


@article{hemmer_moving_INPRESS,
	title = {Moving beyond qualitative evaluations of {Bayesian} models of cognition},
	journal = {Psychonomic Bulletin \& Review},
	volume = 22,
	pages = {614-628},
	author = {Hemmer, Pernille and Tauber, Sean and Steyvers, Mark},
	year = {2014},
	file = {Snapshot:/Users/dan/Dropbox/Apps/ZotPad/storage/TGCCIB9P/s13423-014-0725-z.html:text/html}
}

@inproceedings{thrun_monte_1999_fixed,
	title = {Monte {Carlo} {POMDPs}.},
	booktitle = {Advances in {Neural} {Information} {Processing} {Systems} 12},
	author = {Thrun, Sebastian},
	editor = {Solla, S. A. and Leen, T. K. and M\"uller, K.},
	year = {1999},
	keywords = {pomdp},
	pages = {1064--1070},
	file = {Thrun - 1999 - Monte Carlo POMDPs..pdf:/Users/dan/Dropbox/Apps/ZotPad/storage/4FHM6IUH/Thrun - 1999 - Monte Carlo POMDPs..pdf:application/pdf}
}

