@ARTICLE{Ekman1954,
  author = {Ekman, G.},
  title = {Dimensions of color vision},
  journal = {Journal of Psychology},
  year = {1954},
  volume = {38},
  pages = {467-474}
}

@ARTICLE{Huba1981,
  author = {Huba, G. L. and Wingard, J. A. and Bentler, P. M.},
  title = {A comparison of two latent variable causal models for adolescent
	drug use},
  journal = {Journal of Personality and Social Psychology},
  year = {1981},
  volume = {40},
  pages = {180-193},
  number = {1}
}

@article{Rothkopf1957,
  author={Rothkopf, E. Z.},
  year=1957,
  title={A measure of stimulus similarity and errors in some paired-associate learning tasks}, 
  journal={Journal of Experimental Psychology}, 
  volume={53}, 
  pages={94-101}
  }
  
  @article{Tversky1986,
  author={Tversky, A. and Hutchinson, J. W.},
  year=1986,
  title={Nearest Neighbor Analysis of Psychological Spaces}, 
  journal={Psychological Review}, 
  volume=93, 
  pages={3-22}
  }

@article{Glushko1975,
 author = {Glushko, R. J.},
 year=1975,
 title={Pattern goodness and redundancy revisited: {M}ultidimensional scaling and hierarchical cluster analysis}, 
 journal={Perception and Psychophysics}, 
 volume=17, 
 pages={158-162}
 }

@article{Kruschke1993,
  author={Kruschke, J. K.},
  year=1993,
  title={Human category learning: {I}mplications for backpropagation models.},
  journal={Connection Science}, 
  volume=5, 
  pages={3-36}
  }

@article{Storms2010,
	title = "Introduction to the special issue on formal modeling of semantic concepts",
	journal = "Acta Psychologica",
	volume = "133",
	number = "3",
	pages = "213 - 215",
	year = "2010",
	author = "Gert Storms and Daniel J. Navarro and Michael D. Lee"
	}


@ARTICLE{Shepard1979,
  author = {Shepard, R. N. and Arabie, P.},
  title = {Additive clustering representations of similarities as combinations
	of discrete overlapping properties},
  journal = {Psychological Review},
  year = {1979},
  volume = {86},
  pages = {87-123},
  number = {2}
}

@article{Gati1982,
 author={Gati, I. and Tversky, A.},
 year=1982,
 title={Representations of qualitative and quantitative dimensions},
 journal={Journal of Experimental Psychology: Human Perception and Performance}, 
 volume=8, 
 pages={325-340}
 }
 
 @book{Romesburg1984,
 author={Romesburg, H. C.},
 year=1984,
 title={Cluster analysis for researchers},
 address={Belmont, CA},
 publisher={Lifetime Learning Publications}
 }

@article{DeDeyne2008,
  author={{De Deyne}, S. and Verheyen, S. and Ameel, E. and Vanpaemel, W. and Dry, M. and Voorspoels, W. and Storms G.},
  year=2008,
  title={Exemplar by feature applicability matrices and other Dutch normative data for semantic concepts},
  journal={Behavior Research Methods}, 
  volume=40, 
  pages={1030-1048}
}


@ARTICLE{Attneave1950,
  author = {Attneave, F.},
  title = {Dimensions of similarity},
  journal = {American Journal of Psychology},
  year = {1950},
  volume = {63},
  pages = {546-554}
}

@article{Yama2001,
  author={Yama, H.},
  year=2001,
  title={Matching versus optimal data selection in the {W}ason selection task},
  journal={Thinking and Reasoning},
  volume=7,
  pages={295-311}
  }
  
@article{Evans1998,
  author={Evans, J. St. B. T.},
  year=1998,
  title={Matching bias in conditional reasoning: Do we understand it after 25
years?},
  journal={Thinking and Reasoning}, 
  volume=4, 
  pages={45Ð82}
  }  
  
@article{Jones2001,
  author={Jones, M. and Sugden, R.},
  year=2001,
  title={Positive confirmation bias in the acquisition of information},
  journal={Theory and Decision},
  volume=50,
  pages={59-99}
  }

@ARTICLE{Anderson1991,
  author = {Anderson, J. R.},
  title = {The adaptive nature of human categorization},
  journal = {Psychological Review},
  year = {1991},
  volume = {98},
  pages = {409--429},
  number = {3}
}

@article{Love2004,
  author={Love, B. C. and Medin, D. L. and Gureckis, T. M.},
  title={{SUSTAIN}: A Network Model of Category Learning},
  journal={Psychological Review},
  year=2004,
  volume=111,
  pages={309-332}
  }

@article{Wetherick1962,
  author={Wetherick, N. E.},
  year=1962,
  title={Eliminative and enumerative behaviour in a conceptual task},
  journal={The Quarterly Journal of Experimental Psychology},
  volume=14,
  pages={246-249}
  }
  
  
  
@article{Wason1962,
  author={Wason, P.},
  year=1962,
  title={Reply to Wetherick},
  journal={The Quarterly Journal of Experimental Psychology},
  volume=14,
  pages={250}
  }  

  
@ARTICLE{Kruschke1992,
  author = {Kruschke, J. K.},
  title = {{ALCOVE}: An exemplar-based connectionist model of category learning},
  journal = {Psychological Review},
  year = {1992},
  volume = {99},
  pages = {22-44},
  number = {1}
}

@ARTICLE{Tversky1977,
  author = {Tversky, A.},
  title = {Features of similarity},
  journal = {Psychological Review},
  year = {1977},
  volume = {84},
  pages = {327-352},
  number = {4}
}

@ARTICLE{Nosofsky1984,
  author = {Nosofsky, R. M.},
  title = {Choice, similarity and the context theory of classification},
  journal = {Journal of Experimental Psychology: Learning, Memory, and Cognition},
  year = {1984},
  volume = {10},
  pages = {104-114},
  number = {1}
}

@ARTICLE{Nosofsky1994a,
  author = {Nosofsky, R. M. and Palmeri, T. J. and McKinley, S. C.},
  title = {Rule-plus-exception model of classification learning},
  journal = {Psychological Review},
  year = {1994},
  volume = {101},
  pages = {53-79},
  number = {1}
}

@article{Rouder2004,
  author={Rouder, J. N. and Ratcliff, R.},
  year=2004,
  title={Comparing categorization models},
  journal={Journal of Experimental Psychology: General},
  volume=133,
  pages={63-82}
}

@article{Ashby1988,
  author={Ashby, F. G. and Gott, R. E.},
  title={Decision rules in the perception and categorization of multidimensional stimuli},
  journal={Journal of Experimental Psychology: Learning, Memory, and Cognition},
  year=1988,
  volume=14,
  pages={33Ð53}
  }

@article{Erickson1998,
  author={Erickson, M. A. and Kruschke, J. K.},
  year=1998,  
  title={Rules and Exemplars in Category Learning},
  journal={Journal of Experimental Psychology: General}, 
  volume=127, 
  pages={107-140}
  } 
  
@article{Johnsonlaird1972,
  author={Johnson-Laird, P. and Legrenzi, P. and Legrenzi, M. S.},
  year=1972,
  title={Reasoning and a sense of reality},
  journal={British Journal of Psychology},
  volume=63,
  pages={395-400}
  }
  
@article{Cheng1985,
  author={Cheng, P. W. and Holyoak, K. J.},
  year=1985,
  title={Causal reasoning schemas},
  journal={Cognitive Psychology},
  volume=17,
  pages={391-416}
  }  

@article{evanslynch73,
  author = {Evans, J. St. B. T. and Lynch, J},
  title = {Matching bias in the selection task},
  journal = {British Journal of Psychology},
  year = 1973,
  volume = 64,
  pages = {391--397},
  }
  
@article{mynattetal77,
  author = "Clifford Mynatt and Michael Doherty and Ryan Tweney",
  year = 1977,
  title = "Confirmation bias in a simulated research environment: An experimental study of scientific inference",
  journal = "The Quarterly Journal of Experimental Psychology",
  volume = 29,
  number = 1,
  pages = "85--95",
  }  
  
@article{dunbar93,
  author = "Kevin Dunbar",
  title = "Concept discovery in a scientific domain",
  year = 1993,
  journal = "Cognitive Science",
  volume = 17,
  pages = "397--434",
  }
  
@article{freedman92,
  author = "Eric Freedman",
  title = "Scientific induction: Individual versus group processes and multiple hypotheses",
  year = 1992,
  journal = "Proceedings of the 14th Annual Conference of the Cognitive Science Society",
  pages = "183--188",
  }
  
@article{mcdonald90,
  author = "John McDonald",
  year = 1990,
  journal = "Journal of Experimental Social Psychology",
  title = "Some situational determinants of hypothesis-testing strategies",
  volume = 26,
  pages = "255--274",
  }
  
@article{platt64,
  author = "John Platt",
  title = "Strong inference",
  year = 1964,
  journal = "Science",
  volume = 146,
  number = 3642,
  pages = "347--353",
  }

@article{pennerklahr96,
  author = "David Penner and David Klahr",
  year = 1996,
  journal = "Memory and Cognition",
  title = "When to trust the data: Further investigations of system error in a scientific reasoning task",
  volume = 24,
  number = 5,
  pages = "655--668",
  }

@article{freedman95,
   author = "Eric Freedman",
   year = 1995,
   journal = "AAAI Technical Report SS-95-03",
   title = "Making multiple hypotheses explicit: An explicit strategy for computational models of scientific discovery",
   }

@article{klahrdunbar88,
  author = "David Klahr and Kevin Dunbar",
  title = "Dual space search during scientific reasoning",
  year = 1988,
  journal = "Cognitive Science",
  pages = "1--48",
  volume = 12,
  }  
  
 @article{mahoneydemonbreun77,
   author = "Michael Mahoney and Bobby {de Monbruen}",
   title = "Psychology of the scientist: An analysis of problem-solving bias",
   journal = "Cognitive Therapy and Research",
   number = 3,
   volume = 1,
   pages = "229--238",
   year = 1977,
   }
    
@article{mahoney79,
  author = "Michael Mahoney",
  title = "Psychology of the scientist: An evaluative review",
  journal = "Social Studies of Science",
  year = 1979,
  volume = 9,
  number = 3,
  pages = "349--375",
  }

@ARTICLE{Rosenberg1975,
  author = {Rosenberg, S. and Kim, M. P.},
  title = {The method of sorting as a data-gathering procedure in multivariate
	research},
  journal = {Multivariate Behavioral Research},
  year = {1975},
  volume = {10},
  pages = {489-502}
}

@ARTICLE{Shepard1975,
  author = {Shepard, R. N. and Kilpatric, D. W. and Cunningham, J. P.},
  title = {The internal representation of numbers},
  journal = {Cognitive Psychology},
  year = {1975},
  volume = {7},
  pages = {82-138}
}

@ARTICLE{Navarro2004b,
  author = {Navarro, D. J. and Lee, M. D.},
  title = {Common and distinctive features in stimulus representation: {A} modified
	version of the contrast model},
  journal = {Psychonomic Bulletin \& Review},
  year = {2004},
  volume = {11},
  pages = {961--974},
  owner = {Dan},
  timestamp = {2007.10.07}
}

@BOOK{Gordon1999,
  title = {Classification},
  publisher = {Chapman and Hall},
  year = {1999},
  author = {Gordon, A. D.},
  address = {Boca Raton, FL},
  edition = {2nd}
}

@INCOLLECTION{Navarro2002,
  author = {Navarro, D. J. and Lee, M. D.},
  title = {Commonalities and distinctions in featural stimulus representations},
  booktitle = {Proceedings of the 24th {A}nnual {C}onference of the {C}ognitive {S}cience {S}ociety},
  publisher = {Lawrence Erlbaum},
  year = {2002},
  editor = {W. D. Gray and C. D. Schunn},
  pages = {685--690},
  address = {Mahwah, NJ},
}

@article{dougherty03,
author="Dougherty, M. and Hunter, J.",
title = "Hypothesis generation, probability judgment, and individual differences in working memory capacity",
journal = "Acta Psychologica",
volume = "113",
number = "3",
pages = "263 -- 282",
year = "2003"
}

@book{murphy04,
  author = {Greg Murphy},
  year = 2004,
  title = {The big book of concepts},
  publisher = {MIT Press},
  address = {Cambridge, MA}
  }
  
@article{nelson05,
  author = {Jonathan Nelson},
  year = 2005,
  title = "Finding useful questions: On {B}ayesian diagnosticity, probability, impact, and information gain",
  journal = "Psychological Review",
  volume = 112,
  number = 4,
  pages = "979 -- 999"
  }  

@article{tweneyetal80,
  author = {Ryan Tweney and Michael Doherty and M. Worner and D. Pliske and Clifford Mynatt and K. Gross and D. Arkkelin},
  year = 1980,
  title = {Strategies of rule discovery in an inference task},
  journal = {Quarterly Journal of Experimental Psychology},
  volume = 32,
  pages = {109-123}
  }

@article{taplin75,
  author = {Taplin, J.},
  year = 1975,
  title = {Evaluation of hypotheses in concept identification},
  journal = {Memory and Cognition},
  volume = 3,
  pages = {85-96}
  }
  
@article{dohertyetal79,
  author = {Michael Doherty and Clifford Mynatt and Ryan Tweney and M. Schiavo},
  year = 1979,
  title = {Pseudodiagnosticity},
  journal = {Acta Psychologica},
  volume = 43,
  pages = {111-121},
  }  
 
 @article{cherubinietal05,
  author = "Paolo Cherubini and Elena Castelvecchio and Anna Maria Cherubini",
  year = 2005,
  title = "Generation of hypotheses in {W}ason's 2-4-6 task: An information theory approach",
  journal = "The Quarterly Journal of Experimental Psychology",
  volume = "58A",
  number = 2,
  pages = "309--332",
}

@article{Frank2009,
 title={Informative Communication in Word Production and Word Learning},
 author={Michael C. Frank and Noah D. Goodman and Peter Lai and Joshua B. Tenenbaum},
 year=2009,
 journal={Proceedings of the 31st Annual Conference of the Cognitive Science Society}
}

@article{farrisrevlin89,
  author = "Hilary Farris and Russell Revlin",
  year = 1989,
  title = "Sensible reasoning in two tasks: Rule discovery and hypothesis evaluation",
  journal = "Memory and Cognition",
  volume = 17,
  number = 2,
  pages = "221-232",
}

@article{adsitlondon97,
  author = "Dennis Adsit and Manuel London",
  year = 1997,
  title = "Effects of hypothesis generation on hypothesis testing in rule-discovery tasks",
  journal = "The Journal of General Psychology",
  volume = 124,
  number = 1,
  pages = "19--34",
}

@article{klaymanha89,
  author = "Joshua Klayman and Young-Won Ha",
  year = 1989,
  title = "Hypothesis testing in rule discovery: Strategy, structure, and content",
  journal = "Journal of Experimental Psychology: Learning, Memory, and Cognition",
  pages = "596--604",
  volume = 15,
  number = 4,
}

@article{cowan01,
 author={Cowan, N.},
 year=2001,
 title={The magical number 4 in short-term memory: A reconsideration of mental storage capacity},
 journal={Behavioral and Brain Sciences},
 volume=24,
 pages={87-185}
 }

@InCollection{nosofsky98,
 author =  "Robert M. Nosofsky",
 year =    "1998",
 title =   "Optimal performance and exemplar models of
        classification",
 editor =  "M. Oaksford and N. Chater",
 booktitle =   "Rational models of cognition",
 address =     "Oxford",
 publisher =   "Oxford University Press",
 pages =   "218-247",
}

@inproceedings{shifg08,
 author =       {L. Shi and N. Feldman and T. L. Griffiths},
 title =        {Performing {B}ayesian inference with exemplar models},
 booktitle =    {Proceedings of the 30th {A}nnual {C}onference of
 the {C}ognitive {S}cience {S}ociety},
 year =         {2008},
}

@article{brown74,
title = "Examination of hypothesis-sampling theory",
journal = "Psychological Bulletin",
volume = "81",
number = "11",
pages = "773 - 790",
year = "1974",
note = "",
issn = "0033-2909",
doi = "DOI: 10.1037/h0037159",
author = "Alan S. Brown",
keywords = "basic vs learning vs transition vs sampling of single hypotheses vs sampling of groups of hypotheses in guiding Ss' responses, concept identification"
}


@article{koehler94,
title = "Hypothesis Generation and Confidence in Judgment",
journal = "Journal of Experimental Psychology: Learning, Memory, and Cognition",
volume = "20",
number = "2",
pages = "461 - 469",
year = "1994",
author = "Derek J. Koehler",
}

@article{thomas08,
title = "Diagnostic Hypothesis Generation and Human Judgment",
journal = "Psychological Review",
volume = "115",
number = "1",
pages = "155 - 185",
year = "2008",
author = "Rick P. Thomas and Michael R. Dougherty and Amber M. Sprenger and J. Isaiah Harbison",
}

@article{Levine1959,
  author={Levine, M.},
  year=1959,
  title={A model of hypothesis behavior in discrimination learning set},
  journal={Psychological review},
  volume=66,
  pages={353-},
  }
  
@article{Goodnow1955,
  author={Goodnow, J. J. and Pettigrew, T.},
  year=1955,
title={Effect of prior patterns of experience upon strategies and learning sets},
journal={Journal of Experimental Psychology},
volume=49,
pages={381-389}
}


@article{morgan71,
title = "Hypothesis generation by machine",
journal = "Artificial Intelligence",
volume = "2",
number = "2",
pages = "179 - 187",
year = "1971",
author = "Charles G. Morgan",
}


@article{mehle82,
title = "Hypothesis generation in an automobile malfunction inference task",
journal = "Acta Psychologica",
volume = "52",
number = "1-2",
pages = "87 - 106",
year = "1982",
author = "Thomas Mehle",
}


@article{gettysmehlefisher86,
title = "Plausibility assessments in hypothesis generation",
journal = "Organizational Behavior and Human Decision Processes",
volume = "37",
number = "1",
pages = "14 - 33",
year = "1986",
author = "Charles F. Gettys and Thomas Mehle and Stanley Fisher",
}

@article{gettysfisher79,
 author={C. F. Gettys and S. D. Fisher},
 year=1979,
 title={Hypothesis plausibility and hypothesis generation},
 journal={Organizational Behavior and Human Performance},
 volume=24,
 pages={93--110},
}

@article{shaftogoodman08,
 author = "Pat Shafto and Noah Goodman",
 year = 2008,
 title = "Teaching games: Statistical sampling assumptions for pedagogical situations",
 journal = "Proceedings of the 30th Annual Conference of the Cognitive Science Society",
}

@article{bonawitzetal09,
 author = "Liz Bonawitz and Pat Shafto and H Gweon and I Chang and S Katz and Laura Schulz",
 year = 2009,
 title = "The double-edged sword of pedagogy: Modeling the effect of pedagogy on preschoolers' exploratory play",
 journal = "Proceedings of the 31st Annual Conference of the Cognitive Science Society",
}

@article{perforsetal09,
 author = "Amy F. Perfors and Joshua Tenenbaum and Elizabeth Wonnacott",
 year = "in press",
 title = "Variability, negative evidence, and the acquisition of verb argument constructions",
 journal = "Journal of Child Language",
}

@article{chatervitanyi07,
   author = "Nick Chater and Paul Vit{\`a}nyi",
   year = 2007,
   journal = "Journal of Mathematical Psychology",
   title = "`{I}deal learning' of natural language: Positive results about learning from positive evidence",
   volume = 51,
   number = 3,
   pages = "135--163",
   }

@book{feyerabend75,
 author={Feyerabend, P.K.},
 year=1975,
 title={Against Method},
 address={London},
 publisher={New Left Books}
}

@BOOK{Goodman1955,
 author = {Goodman, N.},
 title = {Fact, fiction, and forecast},
 publisher = {Harvard University Press},
 year = {1955},
 address = {Cambridge, MA},
}

@book{hume1739,
 author={Hume, D.},
 year={1739/1898},
 title={A Treatise of Human Nature},
 address={London},
 publisher={Ward Lock}
}

@ARTICLE{Wolpert1997,
 author = {Wolpert, D. H. and Macready, W. G.},
 title = {No free lunch theorems for optimization},
 journal = {IEEE Transactions on Evolutionary Computation},
 year = {1997},
 volume = {1},
 pages = {67-82}
}

@article{gold67,
 author={Gold, E. M.},
 year=1967,
 title={Language identification in the limit},
 journal={Information and Control},
 volume=10,
 pages={447-474}
}

@incollection{muggleton97,
 title={Learning from positive data},
 year=1997,
 publisher={Springer},
 address={Berlin},
 pages={358-376},
 author={Muggleton, S.},
 editor={Muggleton, S.},
 booktitle={Inductive Logic Programming}
 }

@INCOLLECTION{navarroetal08,
 author = {Navarro, D. J. and Lee, M. D. and Dry, M. J. and Schultz, B.},
 title = {Extending and testing the {B}ayesian theory of generalization},
 booktitle = {Proceedings of the 30th {A}nnual {C}onference of the {C}ognitive {S}cience
       {S}ociety},
 publisher = {Cognitive Science Society},
 year = {2008},
 pages = {1746--1751},
 address = {Austin, TX},
 owner = {Dan},
 timestamp = {2007.10.07}
}

@ARTICLE{feldman00,
 author = {Feldman, Jacob},
 title = {Minimization of {B}oolean complexity in human concept learning},
 journal = {Nature},
 year = {2000},
 volume = {407},
 pages = {630-633}
}

@article{Xu2007,
 author={Xu, F. and Tenenbaum, J. B.},
 year=2007,
 title={Word Learning as {B}ayesian Inference},
 journal={Psychological Review},
 volume=114,
 pages={245}
}

@article{goodmanetal08,
author = "Noah Goodman and Joshua Tenenbaum and Jacob Feldman and Tom Griffiths",
year = 2008,
title = "A rational analysis of rule-based concept learning",
journal = "Cognitive Science",
volume = 32,
number = 1,
pages = "108--154",
}

@article{kempetal08,
author = "Charles Kemp and Noah Goodman and Joshua Tenenbaum",
title = "Theory acquisition and the language of thought",
year = 2008,
journal = "Proceedings of the 30th Annual Conference of the Cognitive Science Society",
}

@book{rogers04,
 author={Rogers, T. and McClelland, J.},
 year=2004,
 title={Semantic Cognition},
 publisher={MIT Press},
 address={Cambridge, MA}
}

@book{chomsky57,
 author={Chomsky, N.},
 year=1957,
 title={Syntactic Structures},
 address={Berlin},
 publisher={Mouton},
}

@article{perfors06,
 author={Perfors, Amy F. and Tenenbaum, J. B. and Regier, T.},
 year={2006},
 title={Poverty of the Stimulus? {A} rational approach},
 journal = "Proceedings of the 28th Annual Conference of the Cognitive Science Society",
       }

@book{kuhn70,
 author={Kuhn, T. S.},
 year={1970},
 title={The Structure of Scientific Revolutions},
 edition={2nd},
 publisher={University of Chicago Press},
 address={Chicago}
}

@article{kemptenenbaum08,
 author="C. Kemp and J. B. Tenenbaum",
 title="The discovery of structural form",
 journal="Proceedings of the National Academy of Sciences",
 year=2008,
 volume=105,
 issue=31,
 pages="10687--10692",
}

@book{grunwald07,
 title={The Minimum Description Length Principle},
 publisher={MIT Press},
 address={Boston, MA},
 year=2007,
 author={P. Gr\"unwald},
}

@BOOK{popper35,
 title = {The Logic of Scientific Discovery},
 publisher = {Unwin Hyman},
 year = {1935/1990},
 author = {Popper, Karl R.},
 address = {Boston, MA}
}

@ARTICLE{ashbyalfonsoreese95,
 author = {Ashby, F. Gregory and Alfonso-Reese, Leola A.},
 title = {Categorization as probability density estimation},
 journal = {Journal of Mathematical Psychology},
 year = {1995},
 volume = {39},
 pages = {216-233}
}

@ARTICLE{medinschaffer78,
 author = {D. L. Medin and M. M. Schaffer},
 title = {Context theory of classification learning},
 journal = {Psychological Review},
 year = {1978},
 volume = {85},
 pages = {207-238}
}

@ARTICLE{nosofsky84,
 author = {Nosofsky, R. M.},
 title = {Choice, similarity and the context theory of classification},
 journal = {Journal of Experimental Psychology: Learning, Memory, and Cognition},
 year = {1984},
 volume = {10},
 pages = {104-114},
 number = {1}
}

@book{evansover04,
 title={If},
 year=2004,
 author={Evans, J. St. B. T. and Over, D. E.},
 publisher={Oxford University Press},
 location={Oxford},
}


@ARTICLE{tenenbaumgriffiths01,
 author = {Tenenbaum, J. B. and Griffiths, T. L.},
 title = {Generalization, similarity, and {B}ayesian inference},
 journal = {Behavioral and Brain Sciences},
 year = {2001},
 volume = {24},
 pages = {629-641}
}


@incollection{mckenzie05,
       author = "C. R. M. McKenzie",
       title = "Judgment and Decision Making",
       booktitle = "Handbook of Cognition",
       year = 2005,
       pages = "321--338",
       publisher = "Sage",
       editor="Koen Lamberts, Robert L. Goldstone",
       }


@incollection{griffithssanborncanininavarro08,
       author = "Griffiths, T. L. and Sanborn, A. N. and Canini, K. R. and Navarro, D. J.",
       title = "Categorization as nonparametric {B}ayesian density estimation",
       booktitle = "The Probabilistic Mind: Prospects for {B}ayesian {C}ognitive {S}cience",
       year = 2008,
       pages = "303--328",
       publisher = "Oxford University Press",
       address="Oxford",
       editor="M. Oaksford and N. Chater",
       }


@incollection{rosch78,
       author = "E. Rosch",
       title = "Principles of categorization",
       booktitle = "Cognition and Categorization",
       year = 1978,
       pages = "27--77",
       publisher = "Erlbaum",
       address="Hillsdale, NJ",
       editor="E. Rosch and B. B. Lloyd",
       }

@article{shepardkilpatriccunningham75,
       author="R. N. Shepard and D. W. Kilpatric and J. P. Cunningham",
       year=1975,
       title="The internal representation of numbers",
       journal="Cognitive Psychology",
       volume=7,
       pages="82--138",
       }

@article{sanjanatenenbaum02,
       author = "N Sanjana and J. B. Tenenbaum",
       year = 2002,
       title = "Bayesian models of inductive generalization",
       journal = "Advances in Neural Information Processing Systems",
       volume = 15,
       pages = "51--58",
       }

@book{anderson07,
       author="J. R. Anderson",
       year=2007,
       title="How can the human mind exist in the physical universe?",
       publisher = "Oxford Univerity Press",
       address = "Oxford",
}

@article{shepard87,
       author = "R. N. Shepard",
       year = 1987,
       title = "Towards a universal law of generalization for psychological science",
       journal = "Science",
       volume = 237,
       number = 4820,
       pages = "1317--1323",
       }

@article{miller56,
       author = "G. Miller",
       year = 1956,
       title = "The magical number seven, plus or minus two: Some limits on our capacity for processing information",
       journal = "Psychological Review",
       volume = 63,
       pages = "81--97",
       }

@article{krushcke06,
       author = "John K. Kruschke",
       year = 2006,
       title = "Locally {B}ayesian learning with applications to retrospective revaluation and highlighting",
       journal = "Psychological Review",
       volume = 113,
       pages = "677--699",
       }

@book{brunergoodnowaustin56,
       author="J. S. Bruner and J. J. Goodnow and G. A. Austin",
       year=1956,
       title="A study of thinking",
       publisher = "Wiley",
       address = "New York",
}

@article{sanborngriffithsnavarro06,
       author = "A. N. Sanborn and T. L. Griffiths and D. J. Navarro",
       year = {in press},
       title = "Rational approximations to rational models: Alternative algorithms for category learning",
       journal = "Psychological Review",
       }

@article{austerweilgriffiths08,
       author = "Joseph Austerweil and Thomas Griffiths",
       year = 2008,
       title = "A rational analysis of confirmation with deterministic hypotheses",
       journal = "Proceedings of the 30th {A}nnual {C}onference of the {C}ognitive {S}cience {S}ociety",
       }

@article{cosmides89,
       author = "L Cosmides",
       year = 1989,
       title = "The logic of social exchange: Has natural selection shaped how humans reason? {S}tudies with the {W}ason selection task",
       journal = "Cognition",
       volume = 34,
       pages = "93--107",
}

@book{goodman72,
       author = "Nelson Goodman",
       year = 1972,
       title = "Problems and projects",
       publisher = "Bobbs-Merrill",
       }

@article{gilovich83,
       author = "T Gilovich",
       year = 1983,
       title = "Biased evaluation and persistence in gambling",
       journal = "Journal of Psychology and Social Psychology",
       volume = 44,
       number = 6,
       pages = "1110--1126",
}

@book{james1890,
       author = "William James",
       year = 1890,
       title = "The principles of psychology",
       volume = "1--2",
       publisher = "Dover Publications (1950)",
       }

@article{johnsonlairdwason70,
       author = "P Johnson-Laird and Peter Wason",
       year = 1970,
       title = "A theoretical analysis of insight into a reasoning task",
       journal = "Cognitive Psychology",
       volume = 1,
       number = 2,
       pages = "134--148",
       }

@article{klaymanha87,
       author = "Josh Klayman and Young-Won Ha",
       year = 1987,
       title =  "Confirmation, disconfirmation, and information in hypothesis testing",
       journal = "Psychological Review",
       volume = 94,
       issue = 2,
       pages = "211-228",
       }

@article{kuhn89,
       author = "Deanna Kuhn",
       year = 1989,
       title = "Children and adults as intuitive scientists",
       journal = "Psychological Review",
       volume = 96,
       number = 4,
       pages = "674--689",
       }

@book{mackay03,
       author = "David MacKay",
       year = 2003,
       title = "Information theory, inference, and learning algorithms",
       address = "Cambridge, UK",
       publisher = "Cambridge University Press",
       }

@book{matlinstang78,
       author = "M Matlin and D Stang",
       year = 1978,
       title = "The {P}ollyanna principle: Selectivity in language, memory, and thought",
       address = "Cambridge, MA",
       publisher = "Shenkman",
       }

@article{mynattetal78,
       author = "Clifford Mynatt and Michael Doherty and Ryan Tweney",
       year = 1978,
       title = "Consequences of confirmation and disconfirmation in a simulated research environment",
       journal = "Quarterly Journal of Experimental Psychology",
       volume = 30,
       pages = "395--406",
       }

@article{navarroperfors09,
       author = "D. J. Navarro and A. F. Perfors",
       year = "2010",
       title = "Similarity, feature discovery, and the size principle",
       journal = "Acta Psychologica",
       volume = 133,
       pages = "256-268"
       }

@Book{marr82,
 author =  "David Marr",
 year =    "1982",
 title =   "Vision",
 address =     "San Francisco, CA",
 publisher =   "W. H. Freeman",
}

@article{nelsonetal01,
       author = "Jonathan Nelson and Joshua Tenenbaum and Javier Movellan",
       year = 2001,
       title = "Active inference in concept learning",
       journal = "Proceedings of the 23rd Annual Conference of the Cognitive Science Society",
       }

@article{nickerson98,
   author = "Raymond Nickerson",
   year = 1998,
   title = "Confirmation bias: A ubiquitous phenomenon in many guises",
   journal = "Review of General Psychology",
   volume = 2,
   number = 2,
   pages = "175--220",
   }

@article{oaksfordchater94,
       author = "Mike Oaksford and Nick Chater",
       journal = "Psychological Review",
       title = "A rational analysis of the selection task as optimal data selection",
       year = 1994,
       volume = 101,
       pages = "608--631",
       }

@booksection{oaksfordchater98,
       author = "Mike Oaksford and Nick Chater",
       title = "A revised rational analysis of the selection task: exceptions and sequential sampling",
       booktitle = "Rational models of cognition",
       year = 1998,
       pages = "372--398",
       publisher = "Oxford University Press",
       }

@article{perforsnavarro09,
       author = "A. F. Perfors and D. J. Navarro",
       year = 2009,
       title = "Confirmation bias is rational when hypotheses are sparse",
       journal = "Proceedings of the 31st {A}nnual {C}onference of the {C}ognitive {S}cience {S}ociety",
       }

@book{schervish95,
       author = "Mark Schervish",
       title = "Theory of statistics",
       year = 1995,
       publisher = "Springer-Verlag",
       }

@article{solomonoff64,
   author="Ray Solomonoff",
   title = "A formal theory of inductive inference, Parts 1 and 2",
   journal = "Information and Control",
   volume = 7,
   number = "1--22",
   pages = "224-254",
   year = 1964,
}

@article{wason60,
       author = "Peter Wason",
       title = "On the failure to eliminate hypotheses in a conceptual task",
       year = 1960,
       journal = "The Quarterly Journal of Experimental Psychology",
       volume = 12,
       number = 3,
       pages = "129--140",
       }

@article{wason68,
       author = "Peter Wason",
       title = "Reasoning about a rule",
       year = 1968,
       journal = "Quarterly Journal of Experimental Psychology",
       volume = 20,
       pages = "273--281",
       }
       
@article{Williams1971,
   author={Williams, G. F.},
   year=1971,
   title={A model of memory in concept learning},
   journal={Cognitive Psychology},
   volume=2,
   pages={158-184}
   }
   
@article{Nahinsky1970,
  author={Nahinsky, I. D.},
  year=1970,
  title={A hypothesis sampling model for conjunctive concept identification},
  journal={Journal of Mathematical Psychology},
  volume=7,
  pages={293-316}
  }
  
  
@article{Evans1972,
  author={Evans, J. St. B. T.},
  year=1972, 
  title={Interpretation and `matching bias' in a reasoning task},
  journal={Quarterly Journal of Experimental Psychology},
  volume=24, 
  pages={193-199}
  } 
