@article{VongPerforsNavarro2016,
	Author = {Vong, W. K. and Navarro, D. J. and Perfors, A.},
	Journal = {Psychonomic Bulletin and Review},
	Title = {The helpfulness of category labels in semi-supervised learning depends on category structure},
	Year = {2016},
	Volume = {23},
	Pages = {230-238}}

@inproceedings{wood2009stochastic,
  title={A stochastic memoizer for sequence data},
  author={Wood, Frank and Archambeau, C{\'e}dric and Gasthaus, Jan and James, Lancelot and Teh, Yee Whye},
  booktitle={Proceedings of the 26th Annual International Conference on Machine Learning},
  pages={1129--1136},
  year={2009},
  organization={ACM}
}

@book{gopnikm97,
  author = 	 {A. Gopnik and A. N. Meltzoff},
  title = 	 {Words, thoughts, and theories},
  publisher = 	 {MIT Press},
  year = 	 {1997},
  address = 	 {Cambridge, MA},
}

@book{taylor90,
  title={The folk biology of the {T}obelo people: A study in Folk
  Classification},
  author={P. M. Taylor},
  year={1990},
  publisher={Smithsonian Institution Press},
}


@book{arratia2003logarithmic,
  title={Logarithmic combinatorial structures: {A} probabilistic approach},
  author={Arratia, Richard and Barbour, Andrew D and Tavar{\'e}, Simon},
  year={2003},
  publisher={European Mathematical Society}
}


@article{millerh15,
  title={Mixture models with a prior on the number of components},
  author={J. W. Miller and M. T. Harrison},
  journal={Journal of the American Statistical Association},
  year={in press},
}


@inproceedings{wallachjdh10,
  author    = {Hanna M. Wallach and Shane Jensen and Lee H. Dicker and Katherine A. Heller}, 
title     = {An Alternative Prior Process for Nonparametric {B}ayesian Clustering},
  booktitle = {Proceedings of the Thirteenth International Conference on Artificial
               Intelligence and Statistics, {AISTATS} 2010},
  pages     = {892--899},
  year      = {2010}
}


@inproceedings{welling2006flexible,
  title={Flexible priors for infinite mixture models},
  author={Welling, Max},
  booktitle={Workshop on Learning with Non-parametric {B}ayesian Methods},
  year={2006}
}


@article{pothospbkehm11,
  title={Measuring category intuitiveness in unconstrained categorization tasks},
  author={Pothos, E. M. and Perlman, A. and Bailey, T. M. and Kurtz, K. and Edwards, D. J. and Hines, P. and McDonnell, J. V.},
  journal={Cognition},
  volume={121},
  number={1},
  pages={83--100},
  year={2011},
}


@article{hinespc07,
  title={A non-parametric approach to simplicity clustering},
  author={P. Hines and E. M. Pothos and N. Chater},
  journal={Applied Artificial Intelligence},
  volume={21},
  number={8},
  pages={729--752},
  year={2007},
}


@article{malmberg2008recognition,
  title={Recognition memory: A review of the critical findings and an integrated theory for relating them},
  author={Malmberg, Kenneth J},
  journal={Cognitive Psychology},
  volume={57},
  number={4},
  pages={335--384},
  year={2008},
  publisher={Elsevier}
}


@article{marsland2003novelty,
  title={Novelty detection in learning systems},
  author={Marsland, Stephen},
  journal={Neural Computing Surveys},
  volume={3},
  number={2},
  pages={157--195},
  year={2003}
}

@article{thompson1966habituation,
  title={Habituation: A model phenomenon for the study of neuronal substrates of behavior.},
  author={Thompson, Richard F and Spencer, William A},
  journal={Psychological Review},
  volume={73},
  number={1},
  pages={16--43},
  year={1966},
  publisher={American Psychological Association}
}


@article{hodge2004survey,
  title={A survey of outlier detection methodologies},
  author={Hodge, Victoria J and Austin, Jim},
  journal={Artificial Intelligence Review},
  volume={22},
  number={2},
  pages={85--126},
  year={2004},
  publisher={Springer}
}


@article{markou2003novelty1,
  title={Novelty detection: a review—part 1: statistical approaches},
  author={Markou, Markos and Singh, Sameer},
  journal={Signal Processing},
  volume={83},
  number={12},
  pages={2481--2497},
  year={2003},
  publisher={Elsevier}
}

@article{markou2003novelty2,
  title={Novelty detection: a review—part 2:: neural network based approaches},
  author={Markou, Markos and Singh, Sameer},
  journal={Signal Processing},
  volume={83},
  number={12},
  pages={2499--2521},
  year={2003},
  publisher={Elsevier}
}


@article{pimentel2014review,
  title={A review of novelty detection},
  author={Pimentel, Marco AF and Clifton, David A and Clifton, Lei and Tarassenko, Lionel},
  journal={Signal Processing},
  volume={99},
  pages={215--249},
  year={2014},
  publisher={Elsevier}
}







