% lab bibtex file


@incollection{nosofsky1998optimal,
  author={Nosofsky, R. M.},
  year=1998,
  title={Optimal performance and exemplar models of classification},
  edtiro={M. Oaksford and N. Chater},
  booktitle={Rational models of cognition},
  pages={218-247},
  address={Oxford, UK},
  publisher={Oxford University Press}
}

@article{favaro_rediscovery_INPRESS,
	title = {Rediscovery of {Good}-{Turing} estimators via {Bayesian} nonparametrics},
	journal = {Biometrics},
	author = {Favaro, Stefano and Nipoti, Bernardo and Teh, Yee Whye},
	year = {in press}
}


@article{TauberNavarroPerforsSteyvers,
	Author = {S. Tauber and D. J. Navarro and A. Perfors and M. Steyvers},
	Journal = {Psychological Review},
	Title = {Bayesian models of cognition revisited: Setting optimality aside and letting data drive psychological theory},
	Year = {in press}}

@article{VoorspoelsNavarroPerforsRansomStormsSUBMITTED,
	Author = {Wouter Voorspoels and Daniel Joseph Navarro and Amy Perfors and Keith Ransom and Gert Storms},
	Journal = {Manuscript submitted for publication},
	Title = {How do people learn from negative evidence? Non-monotonic generalizations and sampling assumptions in inductive reasoning},
	Localurl = {PAPERDIRECTORY/2014/VoorspoelsNavarroPerforsRansomStormsSUBMITTED.pdf},
	Year = {submitted}}

@article{VongPerforsNavarroSUBMITTED,
	Author = {Wai Keen Vong and Amy Perfors and Daniel Joseph Navarro},
	Title = {The helpfulness of category labels in semi-supervised learning depends on category structure},
	Localurl = {PAPERDIRECTORY/2014/VongPerforsNavarroSUBMITTED.pdf},
	Journal = {Psychonomic Bulletin and Review},
	Year = {in press}}

@article{PerforsNavarroTenenbaumSUBMITTED,
	Author = {Amy F Perfors and Daniel Joseph Navarro and Josh B Tenenbaum},
	Journal = {Manuscript submitted for publication},
	Title = {Simultaneous learning of categories and classes of categories:
	acquiring multiple overhypotheses},
	Localurl = {PAPERDIRECTORY/2014/PerforsNavarroTenenbaumSUBMITTED.pdf},
	Year = {submitted}}

@article{NavarroNewellSchulzeSUBMITTED,
	Author = {Daniel Joseph Navarro and Ben Newell and Christin Schulze},
	Journal = {Manuscript submitted for publication},
	Title = {Learning and choosing in an uncertain world: An investigation of the explore-exploit dilemma in static and dynamic environments},
	Localurl = {PAPERDIRECTORY/2014/NavarroNewellSchulzeSUBMITTED.pdf},
	Year = {submitted}}

@article{RansomPerforsNavarroSUBMITTED,
	Author = {Keith Ransom and Amy Perfors and Daniel Joseph Navarro},
	Journal = {Manuscript submitted for publication},
	Title = {Leaping to conclusions: Why premise relevance affects argument strength},
	Localurl = {PAPERDIRECTORY/2014/RansomPerforsNavarroSUBMITTED.pdf},
	Year = {submitted}}

@article{HendricksonNavarroPerforsSUBMITTED,
	Author = {Andrew Hendrickson and Daniel Joseph Navarro and Amy Perfors},
	Journal = {Manuscript submitted for publication},
	Title = {Sensitivity to hypothesis size during information search},
	Localurl = {PAPERDIRECTORY/2014/HendricksonNavarroPerforsSUBMITTED.pdf},
	Year = {submitted}}

@article{PerforsSUBMITTED,
	Author = {Amy Perfors},
	Journal = {Manuscript submitted for publication},
	Title = {Adult regularization of inconsistent input depends on pragmatic factors},
	Localurl = {PAPERDIRECTORY/2014/PerforsSUBMITTED.pdf},
	Year = {submitted}}

