%% This BibTeX bibliography file was created using BibDesk.
%% http://bibdesk.sourceforge.net/


%% Created for Amy Perfors at 2013-04-12 14:29:56 +0930 


%% Saved with string encoding Unicode (UTF-8) 



@article{lupyandale10,
	Author = {G Lupyan and R Dale},
	Date-Added = {2012-09-13 05:08:45 +0000},
	Date-Modified = {2012-09-13 05:10:02 +0000},
	Journal = {PLoS ONE},
	Number = {1},
	Pages = {e8559},
	Title = {Language structure is partly determined by social structure},
	Volume = {5},
	Year = {2010}}

@article{trudgill09,
	Author = {P Trudgill},
	Date-Added = {2012-09-13 05:02:52 +0000},
	Date-Modified = {2012-09-13 05:08:32 +0000},
	Journal = {Folia Linguistica},
	Pages = {349--360},
	Title = {Typology and Sociolinguistics: Linguistic Structure, Social Structure and Explanatory Comparative Dialectology},
	Volume = {31},
	Year = {2009}}

@article{freebergetal12,
	Author = {T Freeberg and R Dunbar and T Ord},
	Date-Added = {2012-09-13 04:58:55 +0000},
	Date-Modified = {2012-09-13 05:00:34 +0000},
	Journal = {Philosophical Transactions of the Royal Society B},
	Pages = {1785--1801},
	Title = {Social complexity as a proximate and ultimate factor in communicative complexity},
	Volume = {367},
	Year = {2012}}

@article{mccombsemple05,
	Author = {K McComb and S Semple},
	Date-Added = {2012-09-13 04:58:00 +0000},
	Date-Modified = {2012-09-13 04:58:44 +0000},
	Journal = {Biological Letters},
	Pages = {381---385},
	Title = {Coevolution of vocal communication and sociality in primates},
	Volume = {1},
	Year = {2005}}

@article{evans03,
	Author = {Evans, N},
	Date-Added = {2012-09-13 04:45:07 +0000},
	Date-Modified = {2012-09-13 04:46:36 +0000},
	Journal = {Annual Reviews in Anthropology},
	Pages = {13--40},
	Title = {Context, culture, and structuration in the languages of {A}ustralia},
	Volume = {32},
	Year = {2003}}

@incollection{bybee00,
	Address = {Cambridge, UK},
	Author = {Bybee, J},
	Booktitle = {Papers in Laboratory Phonology V. Acquisition and the Lexicon},
	Date-Added = {2012-09-13 04:42:13 +0000},
	Date-Modified = {2012-09-13 04:44:55 +0000},
	Editor = {Broe, M and Pierrehumbert, J},
	Pages = {250--268},
	Publisher = {Cambridge University Press},
	Title = {Lexicalization of sound change and alternating environments},
	Year = {2000}}

@article{dubois87,
	Author = {{Du} Bois, J},
	Date-Added = {2012-09-13 04:39:42 +0000},
	Date-Modified = {2012-09-13 04:42:11 +0000},
	Journal = {Language},
	Pages = {805---855},
	Title = {The discourse basis of ergativity},
	Volume = {63},
	Year = {1987}}

@article{levenshtein66,
	Author = {V Levenshtein},
	Date-Added = {2012-06-04 03:51:51 +0000},
	Date-Modified = {2012-06-04 03:53:21 +0000},
	Journal = {Soviet Physics Doklady},
	Pages = {707-710},
	Title = {Binary codes capable of correcting deletions, insertions, and reversals},
	Volume = {6},
	Year = {1966}}

@inproceedings{mauritsetal10,
	Author = {Luke Maurits and Amy Perfors and Daniel J. Navarro},
	Booktitle = {{N}eural {I}nformation {P}rocessing {S}ystems},
	Date-Added = {2011-01-17 19:48:40 +1030},
	Date-Modified = {2013-04-12 04:57:40 +0000},
	Pages = {1585-1593},
	Title = {Why are some word orders more common than others? {A} uniform information density account},
	Volume = {23},
	Year = {2010}}

@incollection{kirbyhurford02,
	Address = {London},
	Author = {Simon Kirby and James Hurford},
	Booktitle = {Simulating the evolution of language},
	Date-Added = {2011-01-17 13:27:44 +1030},
	Date-Modified = {2013-04-12 04:50:00 +0000},
	Editor = {A Cangelosi and D Parisi},
	Pages = {121--148},
	Publisher = {Springer Verlag},
	Rating = {1},
	Title = {The emergence of linguistic structure: An overview of the iterated learning model},
	Year = {2002}}

@book{bickerton95,
	Author = {Derek Bickerton},
	Date-Added = {2011-01-17 13:07:49 +1030},
	Date-Modified = {2011-01-17 13:08:45 +1030},
	Publisher = {University of Washington Press},
	Title = {Language and human behavior},
	Year = {1995}}

@conference{burkettgriffiths10,
	Author = {David Burkett and Thomas L. Griffiths},
	Booktitle = {Proceedings of Evolang},
	Date-Added = {2011-01-17 12:25:45 +1030},
	Date-Modified = {2013-04-12 04:41:31 +0000},
	Title = {Iterated learning of multiple languages from multiple teachers},
	Volume = {8},
	Year = {2010}}

@conference{beppugriffiths09,
	Address = {Austin, TX},
	Author = {Aaron Beppu and Thomas L. Griffiths},
	Booktitle = {Proceedings of the 31st {A}nnual {C}onference of the {C}ognitive {S}cience {S}ociety},
	Date-Added = {2011-01-17 12:24:17 +1030},
	Date-Modified = {2013-04-12 04:39:57 +0000},
	Editor = {Taatgen, N. and {van Rijn}, H. and Schomaker, L. and Nerbonne, J.},
	Pages = {2089-2094},
	Publisher = {Cognitive Science Society},
	Title = {Iterated learning and the cultural rachet},
	Year = {2009}}

@conference{raffertyetal09,
	Address = {Austin, TX},
	Author = {Anna Rafferty and Thomas L. Griffiths and Dan Klein},
	Booktitle = {Proceedings of the 31st {A}nnual {C}onference of the {C}ognitive {S}cience {S}ociety},
	Date-Added = {2011-01-17 12:22:02 +1030},
	Date-Modified = {2011-01-17 12:23:47 +1030},
	Pages = {2451-2456},
	Publisher = {Cognitive Science Society},
	Title = {Convergence bounds for language evolution by iterated learning},
	Year = {2009}}

@article{griffithsetal08,
	Author = {Thomas L. Griffiths and Brian Christian and Michael Kalish},
	Date-Added = {2011-01-17 12:21:05 +1030},
	Date-Modified = {2011-01-17 12:21:50 +1030},
	Journal = {Cognitive Science},
	Number = {1},
	Pages = {68-107},
	Title = {Using category structures to test iterated learning as a method for identifying inductive biases},
	Volume = {31},
	Year = {2008}}

@article{kirbyetal07,
	Author = {Simon Kirby and Mike Dowman and Thomas L. Griffiths},
	Date-Added = {2011-01-17 12:17:29 +1030},
	Date-Modified = {2011-01-17 12:18:17 +1030},
	Journal = {Proceedings of the National Academy of Sciences},
	Number = {12},
	Pages = {5241-5245},
	Title = {Innateness and culture in the evolution of language},
	Volume = {104},
	Year = {2007}}

@article{pinkerbloom90,
	Author = {Steven Pinker and Paul Bloom},
	Date-Added = {2011-01-17 12:16:14 +1030},
	Date-Modified = {2011-01-17 12:17:02 +1030},
	Journal = {Behavioral and Brain Sciences},
	Number = {4},
	Pages = {707-784},
	Title = {Natural language and natural selection},
	Volume = {13},
	Year = {1990}}

@article{pinkerjackendoff05,
	Author = {Steven Pinker and Ray Jackendoff},
	Date-Added = {2011-01-17 12:15:31 +1030},
	Date-Modified = {2011-01-17 12:16:10 +1030},
	Journal = {Cognition},
	Number = {2},
	Pages = {201-236},
	Title = {What's special about the human language faculty?},
	Volume = {95},
	Year = {2005}}

@article{chateretal09,
	Author = {Nick Chater and Florencia Reali and Morten Christiansen},
	Date-Added = {2011-01-17 12:12:38 +1030},
	Date-Modified = {2011-01-17 12:13:20 +1030},
	Journal = {Proceedings of the National Academy of Sciences},
	Number = {4},
	Pages = {1015-1020},
	Title = {Restrictions on biological adaptation in language evolution},
	Volume = {106},
	Year = {2009}}

@article{kalishetal07,
	Author = {Michael Kalish and Thomas L. Griffiths and Stephan Lewandowsky},
	Date-Added = {2011-01-17 12:07:23 +1030},
	Date-Modified = {2013-04-12 04:45:07 +0000},
	Journal = {Psychonomic Bulletin and Review},
	Number = {2},
	Pages = {288--294},
	Title = {Iterated learning: Intergenerational knowledge transmission reveals inductive biases},
	Volume = {14},
	Year = {2007}}

@article{kirby01,
	Author = {Simon Kirby},
	Date-Added = {2011-01-17 12:05:50 +1030},
	Date-Modified = {2011-01-26 14:03:16 +1030},
	Journal = {IEEE Trans. on Evolutionary Computation},
	Number = {2},
	Pages = {102-110},
	Title = {Spontaneous evolution of linguistic structure -- An iterated learning model of the emergence of regularity and irregularity},
	Volume = {5},
	Year = {2001}}

@techreport{brightonkirby01,
	Address = {Language Evolution and Computation Research Unit},
	Author = {Henry Brighton and Simon Kirby},
	Date-Added = {2011-01-17 12:03:45 +1030},
	Date-Modified = {2011-01-17 12:04:43 +1030},
	Institution = {University of Edinburgh},
	Title = {Meaning space structure determines the stability of culturally evolved compositional language},
	Year = {2001}}

@article{smithetal03b,
	Author = {Kenny Smith and Simon Kirby and Henry Brighton},
	Date-Added = {2011-01-17 11:54:01 +1030},
	Date-Modified = {2011-01-26 14:05:54 +1030},
	Journal = {Art. Life},
	Pages = {371-386},
	Title = {Iterated learning: A framework for the emergence of language},
	Volume = {9},
	Year = {2003}}

@article{nowaketal01,
	Author = {Martin Nowak and Natalia Komarova and Partha Niyogi},
	Date-Added = {2011-01-17 11:52:34 +1030},
	Date-Modified = {2011-01-17 11:53:03 +1030},
	Journal = {Science},
	Pages = {114-118},
	Title = {Evolution of universal grammar},
	Volume = {291},
	Year = {2001}}

@article{christiansenchater08,
	Author = {Morten Christiansen and Nick Chater},
	Date-Added = {2011-01-17 11:49:48 +1030},
	Date-Modified = {2011-01-17 11:50:29 +1030},
	Journal = {Behavioral and Brain Sciences},
	Pages = {489-558},
	Title = {Language as shaped by the brain},
	Volume = {31},
	Year = {2008}}

@article{smithwonnacott10,
	Author = {Kenny Smith and Elizabeth Wonnacott},
	Date-Added = {2011-01-17 11:48:26 +1030},
	Date-Modified = {2011-01-17 11:49:03 +1030},
	Journal = {Cognition},
	Pages = {444-449},
	Title = {Eliminating unpredictable variation through iterated learning},
	Volume = {116},
	Year = {2010}}

@inproceedings{zuidema02,
	Author = {Willem Zuidema},
	Booktitle = {{N}eural {I}nformation {P}rocessing {S}ystems},
	Date-Added = {2011-01-17 11:42:57 +1030},
	Date-Modified = {2013-04-12 04:59:52 +0000},
	Title = {How the poverty of the stimulus solves the poverty of the stimulus},
	Volume = {15},
	Year = {2002}}

@article{brightonetal05b,
	Author = {Henry Brighton and Kenny Smith and Simon Kirby},
	Date-Added = {2011-01-17 11:40:56 +1030},
	Date-Modified = {2011-01-17 11:41:25 +1030},
	Journal = {Physics of Life Reviews},
	Pages = {177-226},
	Title = {Language as an evolutionary system},
	Volume = {2},
	Year = {2005}}

@article{yang01,
	Author = {Charles Yang},
	Date-Added = {2011-01-17 09:36:18 +1030},
	Date-Modified = {2011-01-17 09:36:51 +1030},
	Journal = {Language Variation and Change},
	Number = {12},
	Pages = {231-250},
	Title = {Internal and external forces in language change},
	Year = {2001}}

@book{boydricherson85,
	Author = {R Boyd and P Richerson},
	Date-Added = {2011-01-17 09:35:18 +1030},
	Date-Modified = {2011-01-17 09:35:59 +1030},
	Publisher = {University of Chicago Press},
	Title = {Culture and the evolutionary process},
	Year = {1985}}

@article{niyogiberwick09,
	Author = {Partha Niyogi and Robert Berwick},
	Date-Added = {2011-01-17 08:47:33 +1030},
	Date-Modified = {2011-01-17 08:48:28 +1030},
	Journal = {Proceedings of the National Academy of Sciences},
	Number = {25},
	Pages = {10124-10129},
	Title = {The proper treatment of language acquisition and change in a population setting},
	Volume = {106},
	Year = {2009}}

@inproceedings{brightonetal05,
	Author = {Henry Brighton and Simon Kirby and Kenny Smith},
	Booktitle = {Language origins},
	Date-Added = {2011-01-17 08:44:21 +1030},
	Date-Modified = {2011-01-17 08:46:59 +1030},
	Editor = {Maggie Tallerman},
	Pages = {291-309},
	Title = {Cultural selection for learnability: Three principles underlying the view that language adapts to be learnable},
	Year = {2005}}

@inproceedings{smith09,
	Address = {Austin, TX},
	Author = {Kenny Smith},
	Booktitle = {Proceedings of the 31st {A}nnual {C}onference of the {C}ognitive {S}cience {S}ociety},
	Date-Added = {2011-01-17 08:42:00 +1030},
	Date-Modified = {2013-04-12 04:59:24 +0000},
	Editor = {Taatgen, N. and {van Rijn}, H. and Schomaker, L. and Nerbonne, J.},
	Pages = {697--702},
	Publisher = {Cognitive Science Society},
	Title = {Iterated learning in populations of {B}ayesian agents},
	Year = {2009}}

@article{realigriffiths09b,
	Author = {Florencia Reali and Thomas L. Griffiths},
	Date-Added = {2011-01-17 08:39:30 +1030},
	Date-Modified = {2011-01-17 09:38:43 +1030},
	Journal = {Proceedings of the Royal Society B},
	Number = {1680},
	Pages = {429-436},
	Title = {Words as alleles: Connecting language evolution with {B}ayesian learners to models of genetic drift},
	Volume = {277},
	Year = {2009}}

@article{realigriffiths09,
	Author = {Florencia Reali and Thomas L. Griffiths},
	Date-Added = {2011-01-17 08:38:26 +1030},
	Date-Modified = {2011-01-17 08:39:18 +1030},
	Journal = {Cognition},
	Pages = {317-328},
	Title = {The evolution of frequency distributions: Relating regularization to inductive biases through iterated learning},
	Volume = {111},
	Year = {2009}}

@article{komarovanowak01,
	Author = {Natalia Komarova and Martin Nowak},
	Date-Added = {2011-01-17 08:35:56 +1030},
	Date-Modified = {2013-04-12 04:50:51 +0000},
	Journal = {Proceedings of the Royal Society B},
	Pages = {1189--1196},
	Title = {Natural selection of the critical period for language acquisition},
	Volume = {268},
	Year = {2001}}

@article{steels03,
	Author = {Luc Steels},
	Date-Added = {2011-01-17 08:34:53 +1030},
	Date-Modified = {2011-01-17 08:35:18 +1030},
	Journal = {Trends in Cognitive Sciences},
	Number = {7},
	Pages = {308-312},
	Title = {Evolving grounded communication for robots},
	Volume = {7},
	Year = {2003}}

@article{pearlweinberg07,
	Author = {Lisa Pearl and Amy Weinberg},
	Date-Added = {2011-01-17 08:33:13 +1030},
	Date-Modified = {2011-01-17 08:34:21 +1030},
	Journal = {Language Learning and Development},
	Number = {1},
	Pages = {43-72},
	Title = {Input filtering in syntactic acquisition: Answers from language change modeling},
	Volume = {3},
	Year = {2007}}

@article{kirbyetal08,
	Author = {Simon Kirby and Hannah Cornish and Kenny Smith},
	Date-Added = {2011-01-10 16:20:09 +1030},
	Date-Modified = {2011-01-10 16:21:06 +1030},
	Journal = {Proceedings of the National Academy of Sciences},
	Number = {31},
	Pages = {10681-10686},
	Title = {Cumulative cultural evolution in the laboratory: An experimental approach to the origins of structure in human language},
	Volume = {105},
	Year = {2008}}

@conference{griffithskalish05,
	Address = {Austin, TX},
	Author = {Thomas L. Griffiths and Michael Kalish},
	Booktitle = {Proceedings of the 27th {A}nnual {C}onference of the {C}ognitive {S}cience {S}ociety},
	Date-Added = {2011-01-07 14:27:02 +1030},
	Date-Modified = {2013-04-12 04:49:34 +0000},
	Editor = {Bara, B. G. and Barsalou, L. W. and Bucciarelli, M},
	Pages = {827-832},
	Publisher = {Cognitive Science Society},
	Title = {A {B}ayesian view of language evolution by iterated learning},
	Year = {2005}}

@article{griffithskalish07,
	Author = {Thomas L. Griffiths and Michael Kalish},
	Date-Added = {2011-01-07 14:24:56 +1030},
	Date-Modified = {2011-01-07 14:26:58 +1030},
	Journal = {Cognitive Science},
	Pages = {441-480},
	Title = {Language Evolution by Iterated Learning With {B}ayesian Agents},
	Volume = {31},
	Year = {2007}}

@conference{perforstenenbaum09,
	Author = {Amy Perfors and Joshua B. Tenenbaum},
	Booktitle = {Proceedings of the 31st Annual Conference of the Cognitive Science Society},
	Date-Added = {2010-12-25 13:08:31 +1030},
	Date-Modified = {2010-12-25 13:09:06 +1030},
	Title = {Learning to learn categories},
	Year = {2009}}

@techreport{neal98,
	Author = {Radford Neal},
	Date-Added = {2010-12-25 11:04:54 +1030},
	Date-Modified = {2010-12-25 11:05:34 +1030},
	Institution = {University of Toronto},
	Number = {9815},
	Title = {Markov chain sampling methods for {D}irichlet process mixture models},
	Type = {Department of Statistics},
	Year = {1998}}

@article{kurtz07,
	Author = {Kenneth Kurtz},
	Date-Added = {2010-12-24 18:15:33 +1030},
	Date-Modified = {2010-12-24 18:16:32 +1030},
	Journal = {Psychonomic Bulletin and Review},
	Pages = {560-576},
	Title = {The divergent autoencoder (DIVA) model of category learning},
	Volume = {14},
	Year = {2007}}

@article{rogersmcclelland08,
	Author = {Timothy Rogers and James McClelland},
	Date-Added = {2010-12-24 14:04:48 +1030},
	Date-Modified = {2010-12-24 14:05:46 +1030},
	Journal = {Behavioral and Brain Sciences},
	Pages = {689-749},
	Title = {Precis of Semantic Cognition: A Parallel Distributed Processing Approach},
	Volume = {31},
	Year = {2008}}

@article{pothoschater02,
	Author = {Emmanual Pothos and Nick Chater},
	Date-Added = {2010-12-23 15:49:32 +1030},
	Date-Modified = {2010-12-23 16:02:04 +1030},
	Journal = {Cognitive Science},
	Pages = {303-343},
	Title = {A simplicity principle in unsupervised human categorization},
	Volume = {26},
	Year = {2002}}

@article{nosofskyetal94,
	Author = {Robert Nosofsky and M Gluck and T Palmeri and S McKinley and P Glauthier},
	Date-Added = {2010-12-23 15:47:49 +1030},
	Date-Modified = {2010-12-23 15:48:55 +1030},
	Journal = {Memory and Cognition},
	Number = {3},
	Pages = {352-369},
	Title = {Comparing models of rule-based classification learning: A replication and extension of Shepard, Hovland, and Jenkins (1961)},
	Volume = {22},
	Year = {1994}}

@article{navarro05,
	Author = {Daniel Navarro},
	Date-Added = {2010-12-23 15:46:35 +1030},
	Date-Modified = {2010-12-23 15:47:24 +1030},
	Journal = {Journal of Mathematical Psychology},
	Pages = {259-275},
	Title = {Analyzing the {R}{U}{L}{E}{X} model of category learning},
	Volume = {49},
	Year = {2005}}

@article{busemeyeretal93,
	Author = {Jerome Busemeyer and J Myung and Mark McDaniel},
	Date-Added = {2010-12-23 15:05:12 +1030},
	Date-Modified = {2010-12-23 15:06:12 +1030},
	Journal = {Psychological Science},
	Number = {3},
	Pages = {190-195},
	Title = {Cue competition effects: Empirical tests of adaptive network learning models},
	Volume = {4},
	Year = {1993}}

@article{beach64,
	Author = {L Beach},
	Date-Added = {2010-12-23 15:03:31 +1030},
	Date-Modified = {2010-12-23 15:04:00 +1030},
	Journal = {Psychological Monographs},
	Pages = {1-20},
	Title = {Cue probabilism and inference behavior},
	Volume = {78},
	Year = {1964}}

@article{roschmervis75,
	Author = {Eleanor Rosch and Carolyn Mervis},
	Date-Added = {2010-12-23 15:02:22 +1030},
	Date-Modified = {2010-12-23 15:03:13 +1030},
	Journal = {Cognitive Psychology},
	Pages = {573-605},
	Title = {Family resemblances: Studies in the internal structure of cognition},
	Volume = {7},
	Year = {1975}}

@article{helleretal09,
	Author = {Katherine Heller and Adam Sanborn and Nick Chater},
	Date-Added = {2010-12-23 11:40:07 +1030},
	Date-Modified = {2010-12-23 11:40:57 +1030},
	Journal = {Neural Information Processing Systems},
	Title = {Hierarchical learning of dimensional biases in human categorization},
	Year = {2009}}

@article{rosseel02,
	Author = {Yves Rosseel},
	Date-Added = {2010-12-22 18:20:43 +1030},
	Date-Modified = {2010-12-22 18:21:14 +1030},
	Journal = {Journal of Mathematical Psychology},
	Pages = {178-210},
	Title = {Mixture models of categorization},
	Volume = {46},
	Year = {2002}}

@article{sanbornetal10,
	Author = {Adam Sanborn and Thomas Griffiths and Daniel Navarro},
	Date-Added = {2010-12-22 18:17:53 +1030},
	Date-Modified = {2010-12-22 18:18:49 +1030},
	Journal = {Psychological Review},
	Title = {Rational approximations to rational models: Alternative algorithms for category learning},
	Year = {2010}}

@article{ashbyalfonsoreese95,
	Author = {F. Gregory Ashby and L. Alfonso-Reese},
	Date-Added = {2010-12-22 18:15:35 +1030},
	Date-Modified = {2010-12-22 18:16:15 +1030},
	Journal = {Journal of Mathematical Psychology},
	Pages = {216-233},
	Title = {Categorization as probability density estimation},
	Volume = {39},
	Year = {1995}}

@article{pothosbailey09,
	Author = {E Pothos and T Bailey},
	Date-Added = {2010-12-22 18:13:39 +1030},
	Date-Modified = {2010-12-22 18:14:52 +1030},
	Journal = {Journal of Experimental Psychology: Learning, Memory, and Cognition},
	Pages = {1062-1080},
	Title = {Predicting category intuitiveness with the rational model, the simplicity model, and the Generalized Context Model},
	Volume = {35},
	Year = {2009}}

@article{reed72,
	Author = {S Reed},
	Date-Added = {2010-12-22 18:10:16 +1030},
	Date-Modified = {2010-12-22 18:10:45 +1030},
	Journal = {Cognitive Psychology},
	Pages = {382-407},
	Title = {Pattern recognition and categorization},
	Volume = {3},
	Year = {1972}}

@article{nosofskyetal92,
	Author = {Robert Nosofsky and John Kruschke and S McKinley},
	Date-Added = {2010-12-22 11:05:10 +1030},
	Date-Modified = {2010-12-22 11:05:49 +1030},
	Journal = {Journal of Experimental Psychology: Learning, Memory, and Cognition},
	Number = {2},
	Pages = {211-233},
	Title = {Combining exemplar-based category representations and connectionist learning rules},
	Volume = {18},
	Year = {1992}}

@article{vergutsetal04,
	Author = {T Verguts and E Ameel and Gert Storms},
	Date-Added = {2010-12-21 23:39:22 +1030},
	Date-Modified = {2010-12-21 23:40:19 +1030},
	Journal = {Memory and Cognition},
	Number = {3},
	Pages = {379-389},
	Title = {Measures of similarity in models of categorization},
	Volume = {32},
	Year = {2004}}

@article{leenavarro02,
	Author = {Michael Lee and Daniel Navarro},
	Date-Added = {2010-12-21 23:38:27 +1030},
	Date-Modified = {2010-12-21 23:39:21 +1030},
	Journal = {Psychonomic Bulletin and Review},
	Number = {1},
	Pages = {43-58},
	Title = {Extending the ALCOVE model of category learning to featural stimulus domains},
	Volume = {9},
	Year = {2002}}

@article{kruschke93,
	Author = {John Kruschke},
	Date-Added = {2010-12-21 23:36:25 +1030},
	Date-Modified = {2010-12-21 23:38:24 +1030},
	Journal = {Connection Science},
	Pages = {3-36},
	Title = {Human category learning: Implications for backpropagation models},
	Volume = {5},
	Year = {1993}}

@article{kruschkejohansen99,
	Author = {John Kruschke and M Johansen},
	Date-Added = {2010-12-21 23:35:33 +1030},
	Date-Modified = {2010-12-21 23:36:23 +1030},
	Journal = {Journal of Experimental Psychology: Learning, Memory, and Cognition},
	Number = {5},
	Pages = {1083-1119},
	Title = {A model of probabilistic category learning},
	Volume = {25},
	Year = {1999}}

@article{medinschaffer78,
	Author = {Doug Medin and M Schaffer},
	Date-Added = {2010-12-21 19:46:52 +1030},
	Date-Modified = {2010-12-21 19:47:34 +1030},
	Journal = {Psychological Review},
	Pages = {207-238},
	Title = {Context theory of classification learning},
	Volume = {85},
	Year = {1978}}

@article{kruschke92,
	Author = {John Kruschke},
	Date-Added = {2010-12-21 19:45:45 +1030},
	Date-Modified = {2010-12-21 19:46:51 +1030},
	Journal = {Psychological Review},
	Pages = {22-44},
	Title = {ALCOVE: An exemplar-based connectionist model of category learning},
	Volume = {99},
	Year = {1992}}

@article{nosofsky86,
	Author = {Robert Nosofsky},
	Date-Added = {2010-12-21 19:44:41 +1030},
	Date-Modified = {2010-12-21 19:45:43 +1030},
	Journal = {Journal of Experimental Psychology},
	Pages = {39-57},
	Title = {Attention, similarity, and the identification-categorization relationship},
	Volume = {115},
	Year = {1986}}

@article{shepard87,
	Author = {Roger Shepard},
	Date-Added = {2010-12-21 19:09:21 +1030},
	Date-Modified = {2010-12-21 19:10:14 +1030},
	Journal = {Science},
	Number = {1317-1323},
	Title = {Toward a universal law of generalization for cognitive science},
	Volume = {237},
	Year = {1987}}

@article{imaigentner97,
	Author = {Mutsumi Imai and Dedre Gentner},
	Date-Added = {2010-12-21 15:14:37 +1030},
	Date-Modified = {2010-12-21 15:15:18 +1030},
	Journal = {Cognition},
	Pages = {169--200},
	Title = {A cross-linguistic study of early word meaning: Universal ontology and linguistic influence},
	Volume = {62},
	Year = {1997}}

@article{sojaetal92,
	Author = {Nancy Soja and Susan Carey and Elizabeth Spelke},
	Date-Added = {2010-12-21 15:13:45 +1030},
	Date-Modified = {2010-12-21 15:14:32 +1030},
	Journal = {Cognition},
	Pages = {101-107},
	Title = {Perception, ontology, and word meaning},
	Volume = {45},
	Year = {1992}}

@article{aguiarbaillargeon99,
	Author = {A Aguiar and Renee Baillargeon},
	Journal = {Cognitive Psychology},
	Pages = {116--157},
	Title = {2.5-month-old infants' reasoning about when objects should and should not be occluded},
	Volume = 39,
	Year = 1999}

@incollection{allenseidenberg99,
	Address = {Hillsdale, NJ},
	Author = {Joseph Allen and M Seidenberg},
	Booktitle = {Emergence of Language},
	Editor = {Brian MacWhinney},
	Publisher = {Lawrence Erlbaum Associates},
	Title = {The emergence of grammaticality in connectionist networks},
	Year = 1999}

@article{alishahistevenson05,
	Author = {Afra Alishahi and Suzanne Stevenson},
	Journal = {Proceedings of the 27th Annual Conference of the Cognitive Science Society},
	Title = {A probabilistic model of early argument structure acquisition},
	Year = {2005}}

@article{alishahistevenson08,
	Author = {Afra Alishahi and Suzanne Stevenson},
	Issue = 5,
	Journal = {Cognitive Science},
	Title = {A computational model for early argument structure acquisition},
	Volume = 32,
	Year = {2008}}

@article{ambridgeetal05,
	Author = {Ben Ambridge and Caroline Rowland and Julian Pine},
	Journal = {Poster presented at 30th annual Boston University Conference on Language Development},
	Title = {Structure dependence: An innate constraint?},
	Year = {2005}}

@article{ambridgeetal08,
	Author = {Ben Ambridge and Caroline Rowland and Julian Pine},
	Journal = {Cognitive Science},
	Pages = {222--255},
	Title = {Structure dependence: An innate constraint? New experimental evidence from children's complex-question production},
	Volume = 32,
	Year = {2005}}

@article{ambridgeetal08b,
	Author = {Ben Ambridge and Julian Pine and Carolyn Rowland and Chris Young},
	Journal = {Cognition},
	Pages = {87--129},
	Title = {The effect of verb semantic class and verb frequency (entrenchment) on children's and adults' graded judgements of argument-structure overgeneralization errors},
	Volume = 106,
	Year = 2008}

@article{anderson91,
	Author = {John Anderson},
	Journal = {Psychology Review},
	Number = 3,
	Pages = {409--429},
	Title = {The Adaptive Nature of Human Categorization},
	Volume = 98,
	Year = 1991}

@techreport{angluin88,
	Author = {Data Angluin},
	Institution = {Yale University},
	Number = {RR-614},
	Title = {Identifying languages from stochastic examples},
	Year = 1988}

@book{aristotle,
	Address = {Cambridge},
	Author = {Aristotle},
	Publisher = {Cambridge University Press},
	Title = {Something on empiricism},
	Year = 2003}

@article{atran98,
	Author = {Scott Atran},
	Journal = {Behavioral and Brain Sciences},
	Pages = {547--609},
	Title = {Folkbiology and the anthropology of science: Cognitive universals and cultural particulars},
	Volume = 21,
	Year = 1998}

@incollection{batesdevescovi89,
	Address = {Cambridge},
	Author = {Elizabeth Bates and Antonella Devescovi},
	Booktitle = {The crosslinguistic study of sentence processing},
	Editor = {Brian MacWhinney and Elizabeth Bates},
	Publisher = {Cambridge University Press},
	Title = {Crosslinguistic studies of sentence production},
	Year = 1989}

@article{bachetal86,
	Author = {E Bach and C Brown and W Marslen-Wilson},
	Journal = {Language and Cognitive Processes},
	Pages = {249--262},
	Title = {Crossed and nested dependencies in {G}erman and {D}utch: A psycholinguistic study},
	Volume = 1,
	Year = 1986}

@article{baker79,
	Author = {C Baker},
	Journal = {Ling. Inq.},
	Pages = {533--581},
	Title = {Syntactic theory and the projection problem},
	Volume = 10,
	Year = 1979}

@article{bakeretal07,
	Author = {Chris Baker and Josh Tenenbaum and Rebecca Saxe},
	Journal = {Proceedings of the 29th Annual Conference of the Cognitive Science Society},
	Title = {Goal inference as inverse planning},
	Year = 2007}

@article{balabanwaxman96,
	Author = {M Balaban and Sandra Waxman},
	Journal = {Journal of Experimental Child Psychology},
	Pages = {3--26},
	Title = {Words may facilitate categorization in 9-month-old infants},
	Volume = 64,
	Year = 1996}

@book{berger93,
	Address = {New York},
	Author = {J Berger},
	Publisher = {Springer},
	Title = {Statistical decision theory and {B}ayesian analysis},
	Year = 1993}

@phdthesis{berwick82,
	Address = {Cambridge, MA},
	Author = {Robert Berwick},
	School = {MIT},
	Title = {Locality principles and the acquisition of syntactic knowledge},
	Year = 1982}

@book{berwick85,
	Address = {Cambridge, MA},
	Author = {Robert Berwick},
	Publisher = {MIT Press},
	Title = {The Acquisition of Syntactic Knowledge},
	Year = 1985}

@article{berwick86,
	Author = {Robert Berwick},
	Journal = {Machine Learning},
	Pages = {625--645},
	Publisher = {Morgan Kaufman},
	Title = {Learning from positive-only examples: The subset principle and three case studies},
	Volume = 2,
	Year = 1986}

@article{blaubergsbraine74,
	Author = {M Blaubergs and M Braine},
	Issue = 4,
	Journal = {Journal of Experimental Psychology},
	Pages = {745--748},
	Title = {Short-term memory limitations on decoding self-embedded sentences},
	Volume = 102,
	Year = 1974}

@book{bloom00,
	Address = {Cambridge, MA},
	Author = {Paul Bloom},
	Publisher = {MIT Press},
	Title = {How children learn the meanings of words},
	Year = 2000}

@article{bloommarkson98,
	Author = {Paul Bloom and Lori Markson},
	Journal = {Psychological Science},
	Pages = {200--204},
	Title = {Intention and analogy in children's naming of pictorial representations},
	Volume = 9,
	Year = 1998}

@article{bleietal03,
	Author = {David Blei and Thomas Griffiths and Mike Jordan and Joshua B. Tenenbaum},
	Journal = {Advances in Neural Information Processing Systems},
	Title = {Hierarchical topic models and the nested chinese restaurant process},
	Volume = 16,
	Year = {2003}}

@article{bohannonstanowicz88,
	Author = {J Bohannon and L Stanowicz},
	Journal = {Developmental Psychology},
	Pages = {684--689},
	Title = {The issue of negative evidence: Adult responses to children's language errors},
	Volume = 24,
	Year = 1988}

@article{boothwaxman02,
	Author = {Amy Booth and Sandra Waxman},
	Journal = {Cognition},
	Pages = {B11-B22},
	Title = {Word learning is 'smart': Evidence that conceptual information affects preschoolers' extension of novel words},
	Volume = 84,
	Year = 2002}

@article{boothwaxman03,
	Author = {Amy Booth and Sandra Waxman},
	Journal = {Journal of Cognition and Development},
	Number = 3,
	Pages = {357-381},
	Title = {Mapping words to the world in infancy: Infants' expectations for count nouns and adjectives},
	Volume = 4,
	Year = {2003}}

@article{boothetal05,
	Author = {Amy Booth and Sandra Waxman and Yi Ting Huang},
	Journal = {Developmental Psychology},
	Number = 3,
	Pages = {491--505},
	Title = {Conceptual information permeates word learning in infancy},
	Volume = 41,
	Year = 2005}

@article{boothwaxman06,
	Author = {Amy Booth and Sandra Waxman},
	Journal = {Developmental Psychology},
	Number = 6,
	Pages = {1344--1346},
	Title = {Deja Vu all over again: Re-revisiting the conceptual status of early word learning: comment on {S}mith and {S}amuelson (2006)},
	Volume = 42,
	Year = 2006}

@article{bowerman82,
	Author = {Melissa Bowerman},
	Journal = {Quaderni di Semantica},
	Pages = {5--66},
	Title = {Evaluating competing linguistic models with language acquisition data: Implications of developmental errors with causative verbs},
	Volume = 3,
	Year = 1982}

@incollection{bowerman88,
	Address = {Oxford},
	Author = {Melissa Bowerman},
	Booktitle = {Explaining language universals},
	Editor = {J. Hawkins},
	Publisher = {Basil Blackwell},
	Year = 1988}

@article{bowerman90,
	Author = {Melissa Bowerman},
	Journal = {Linguistics},
	Number = 6,
	Pages = {1253--1289},
	Title = {Mapping thematic roles onto syntactic functions: Are children helped by innate linking rules?},
	Volume = 28,
	Year = 1990}

@book{boxetal92,
	Address = {New York},
	Author = {G Box and G Tiao},
	Publisher = {Wiley},
	Title = {Bayesian inference in statistical analysis},
	Year = 1992}

@incollection{braine71,
	Address = {New York, NY},
	Author = {M Braine},
	Booktitle = {The ontogenesis of grammar: A theoretical symposium},
	Editor = {Dan Slobin},
	Publisher = {Academic Press},
	Title = {On two types of models of the internalization of grammars},
	Year = 1971}

@incollection{brainebrooks95,
	Address = {Hillsdale, New Jersey},
	Author = {M Braine and P Brooks},
	Booktitle = {Beyond names of things: Young children's acquisition of verbs},
	Editor = {M Tomasello and W Merriman},
	Pages = {353--376},
	Publisher = {Lawrence Erlbaum Associates},
	Title = {Verb argument structure and the problem of avoiding an overgeneral grammar},
	Year = 1995}

@article{briscoe06,
	Author = {E Briscoe},
	Journal = {6th International Conference on the Evolution of Language},
	Title = {Language learning, power laws, and sexual selection},
	Year = 2006}

@article{brookstomasello99,
	Author = {P Brooks and Michael Tomasello},
	Journal = {Language},
	Pages = {720--781},
	Title = {How children constrain their argument structure constructions},
	Volume = 75,
	Year = 1999}

@article{brooksetal99,
	Author = {P Brooks and Michael Tomasello and K Dodson and L Lewis},
	Journal = {Child Development},
	Pages = {1325--1337},
	Title = {Young children's overgeneralizations with fixed transitivity verbs},
	Volume = 70,
	Year = 1999}

@incollection{brownhanlon70,
	Address = {New York, NY},
	Author = {Roger Brown and C Hanlon},
	Booktitle = {Cognition and the development of language},
	Editor = {J.R. Hayes},
	Publisher = {Wiley},
	Title = {Derivational complexity and order of acquisition in child speech},
	Year = 1970}

@book{brown73,
	Author = {Roger Brown},
	Publisher = {Harvard University Press},
	Title = {A first language: The early stages},
	Year = 1973}

@article{callananmarkman82,
	Author = {Maureen Callanan and Ellen Markman},
	Journal = {Child Development},
	Pages = {1093--1101},
	Title = {Principles of Organization in Young Children's Natural Language Hierarchies},
	Volume = 53,
	Year = 1982}

@article{callananetal94,
	Author = {Maureen Callanan and A Repp and M McCarthy and M Latzke},
	Journal = {Journal of Experimental Child Psychology},
	Pages = {108--138},
	Title = {Children's hypotheses about word meanings: Is there a basic level constraint?},
	Volume = 57,
	Year = 1994}

@book{carey85,
	Author = {Susan Carey},
	Publisher = {Bradford Books, MIT Press},
	Title = {Conceptual Change in Childhood},
	Year = 1985}

@incollection{carey78,
	Address = {Cambridge, MA},
	Author = {Susan Carey},
	Booktitle = {Linguistic theory and psychological reality},
	Editor = {M Halle and Joan Bresnan and George Miller},
	Pages = {264--293},
	Publisher = {MIT Press},
	Title = {The child as word learner},
	Year = 1978}

@article{careyspelke96,
	Author = {Susan Carey and Elizabeth Spelke},
	Journal = {Philosophy of Science},
	Pages = {515--533},
	Title = {Science and core knowledge},
	Volume = 63,
	Year = 1996}

@article{carrascooncina94,
	Author = {Rafael Carrasco and Jose Oncina},
	Journal = {Proceedings of the 2nd International Colloquium on Grammatical Inference},
	Title = {Learning stochastic regular grammars by means of a state merging method},
	Year = 1994}

@article{chang04,
	Author = {Nancy Chang},
	Journal = {Proceedings of the First Workshop on Psycho-computational Models of Human Language Acquisition},
	Pages = {17--24},
	Title = {Putting meaning into grammar learning},
	Year = 2004}

@book{charniak93,
	Address = {Cambridge, MA},
	Author = {Eugene Charniak},
	Publisher = {MIT Press},
	Title = {Statistical language learning},
	Year = 1993}

@article{chateroaksford99,
	Author = {Nick Chater and M Oaksford},
	Journal = {Trends in Cognitive Sciences},
	Pages = {57-65},
	Title = {Ten years of the rational analysis of cognition},
	Volume = {3},
	Year = 1999}

@article{chatervitanyi03,
	Author = {Nick Chater and Paul Vit{\`a}nyi},
	Journal = {Trends in Cognitive Sciences},
	Pages = {19--22},
	Title = {Simplicity: A unifying principle in cognitive science?},
	Volume = {7},
	Year = 2003}

@article{chatermanning06,
	Author = {Nick Chater and Christopher Manning},
	Journal = {Trends in Cognitive Sciences},
	Number = 7,
	Pages = {335--344},
	Title = {Probabilistic Models of Language Processing and Acquisition},
	Volume = 10,
	Year = 2006}

@article{chateretal06,
	Author = {Nick Chater and Josh Tenenbaum and Alan Yuille},
	Journal = {Trends in Cognitive Sciences},
	Number = 7,
	Pages = {292--293},
	Title = {Probabilistic models of cognition: Conceptual foundations},
	Volume = 10,
	Year = 2006}

@article{chatervitanyi07,
	Author = {Nick Chater and Paul Vit{\`a}nyi},
	Journal = {Journal of Mathematical Psychology},
	Number = 3,
	Pages = {135--163},
	Title = {`{I}deal learning' of natural language: Positive results about learning from positive evidence},
	Volume = 51,
	Year = 2007}

@article{chouinardclark03,
	Author = {Michelle Chouinard and Eve Clark},
	Journal = {Journal of Child Language},
	Pages = {637-669},
	Title = {Adult reformulations of child errors as negative evidence},
	Volume = 30,
	Year = 2003}

@article{christiansenchater99,
	Author = {Morten Christiansen and Nick Chater},
	Issue = 2,
	Journal = {Cognitive Science},
	Pages = {157--205},
	Title = {Toward a connectionist model of recursion in human linguistic performance},
	Volume = 23,
	Year = 1999}

@article{chomsky56,
	Author = {Noam Chomsky},
	Journal = {IRE Transactions on Information Theory},
	Pages = {113--123},
	Title = {Three models for the description of language},
	Volume = 2,
	Year = 1956}

@book{chomsky57,
	Address = {The Hague},
	Author = {Noam Chomsky},
	Publisher = {Mouton},
	Title = {Syntactic structures},
	Year = 1957}

@article{chomsky59,
	Author = {Noam Chomsky},
	Journal = {Information and Control},
	Pages = {137--167},
	Title = {On certain formal properties of grammars},
	Volume = 2,
	Year = 1959}

@article{chomsky59b,
	Author = {Noam Chomsky},
	Journal = {Language},
	Number = 1,
	Pages = {26--58},
	Title = {A review of {B.F.} {S}kinner's {V}erbal {B}ehavior},
	Volume = 35,
	Year = 1959}

@book{chomsky65,
	Address = {Cambridge, MA},
	Author = {Noam Chomsky},
	Publisher = {MIT Press},
	Title = {Aspects of the Theory of Syntax},
	Year = 1965}

@book{chomsky71,
	Address = {London},
	Author = {Noam Chomsky},
	Publisher = {Fontana},
	Title = {Problems of Knowledge and Freedom},
	Year = 1971}

@book{chomsky75,
	Address = {New York},
	Author = {Noam Chomsky},
	Publisher = {Plenum Press},
	Title = {The logical structure of linguistic theory},
	Year = 1975}

@incollection{chomsky80,
	Address = {Cambridge, MA},
	Author = {Noam Chomsky},
	Booktitle = {Language and learning: The debate between {J}ean {P}iaget and {N}oam {C}homsky},
	Editor = {Massimo Piatelli-Palmarini},
	Publisher = {Harvard University Press},
	Year = 1980}

@incollection{clark82,
	Address = {New York, NY},
	Author = {Eve Clark},
	Booktitle = {Language acquisition: The state of the art},
	Editor = {E Wanner and Lila Gleitman},
	Publisher = {Cambridge University Press},
	Title = {The young word maker: a case study of innovation in the child's lexicon},
	Year = 1982}

@article{clarkeyraud06,
	Author = {Alexander Clark and Remi Eyraud},
	Journal = {Proceedings of the 28th Annual Conference of the Cognitive Science Society},
	Title = {Learning auxiliary fronting with grammatical inference},
	Year = 2006}

@phdthesis{collins99,
	Author = {Michael Collins},
	School = {University of Pennsylvania},
	Title = {Head-driven statistical models for natural language parsing},
	Year = 1999}

@article{colungasmith04,
	Author = {Eliana Colunga and Linda Smith},
	Journal = {Proceedings of the 26th Annual Conference of the Cognitive Science Society},
	Title = {Dumb mechanisms make smart concepts},
	Year = {2004}}

@article{colungasmith05,
	Author = {Eliana Colunga and Linda Smith},
	Journal = {Psychological Review},
	Number = 2,
	Pages = {347--382},
	Title = {From the lexicon to expectations about kinds: A role for associative learning},
	Volume = 112,
	Year = 2005}

@article{conwelldemuth07,
	Author = {Erin Conwell and K Demuth},
	Journal = {Cognition},
	Number = 2,
	Pages = {163--179},
	Title = {Early syntactic productivity: Evidence from dative shift},
	Volume = 103,
	Year = 2007}

@article{cox46,
	Author = {R Cox},
	Journal = {American Journal of Physics},
	Pages = {1--13},
	Title = {Probability, frequency, and reasonable expectation},
	Volume = 14,
	Year = 1946}

@book{cox61,
	Address = {Baltimore, MD},
	Author = {R Cox},
	Publisher = {Johns Hopkins University Press},
	Title = {The algebra of productive inference},
	Year = 1961}

@article{crainnakayama87,
	Author = {Stephen Crain and Mineharu Nakayama},
	Journal = {Language},
	Pages = {139--186},
	Title = {Structure dependence in grammar formation},
	Volume = 24,
	Year = 1987}

@article{creemcrae03,
	Author = {G Cree and Ken McRae},
	Journal = {Journal of Experimental Psychology: General},
	Pages = {163--201},
	Title = {Analyzing the factors underlying the structure and computation of the meaning of chipmunk, cherry, chisel, cheese, and cello (and many other such concrete nouns)},
	Volume = 132,
	Year = 2003}

@article{davidsongelman90,
	Author = {N Davidson and S Gelman},
	Journal = {Cognitive Development},
	Pages = {151--176},
	Title = {Inductions from novel categories: The role of language and conceptual structure},
	Volume = 5,
	Year = 1990}

@book{deacon97,
	Author = {Terence Deacon},
	Publisher = {W. W. Norton \& Co.},
	Title = {The Symbolic Species: The Co-Evolution of Language and the Brain},
	Year = 1997}

@incollection{definetti37,
	Address = {New York},
	Author = {{\lowercase{D}}e Finetti, B.},
	Booktitle = {In Studies in subjective probability},
	Edition = 2,
	Editor = {H Kyburg and H Smokler},
	Publisher = {J. Wiley and Sons},
	Title = {Prevision, its logical laws, its subjective sources},
	Year = 1937}

@book{definetti74,
	Address = {New York},
	Author = {{\lowercase{D}}e Finetti, B.},
	Edition = 2,
	Publisher = {J. Wiley and Sons},
	Title = {Theory of probability},
	Year = 1974}

@article{demetrasetal86,
	Author = {M Demetras and K Post and C Snow},
	Journal = {Journal of Child Language},
	Pages = {275--292},
	Title = {Feedback to first language learners: The role of repetitions and clarification questions},
	Volume = 13,
	Year = 1986}

@article{deneve04,
	Author = {S Deneve},
	Journal = {Advances in Neural Information Processing Systems},
	Title = {Bayesian inference in spiking neurons},
	Volume = 17,
	Year = 2004}

@article{desai02,
	Author = {R Desai},
	Journal = {Proceedings of the 4th International Conference on Cognitive Modelling},
	Title = {Bootstrapping in miniature language acquisition},
	Year = 2002}

@article{diesendruck03,
	Author = {Gil Diesendruck},
	Journal = {Cognitive Development},
	Pages = {217--231},
	Title = {Mapping the similarity space of children \& adults' artifact categories},
	Volume = {18},
	Year = {2003}}

@article{diesendruckbloom03,
	Author = {Gil Diesendruck and Paul Bloom},
	Journal = {Child Development},
	Number = 1,
	Pages = {168--178},
	Title = {How specific is the shape bias?},
	Volume = 74,
	Year = 2003}

@article{dominey03,
	Author = {P Dominey},
	Journal = {Proceedings of the 25th Annual Conference of the Cognitive Science Society},
	Title = {Learning grammatical constructions in a miniature language from narrated video events},
	Year = 2003}

@book{doucetetal01,
	Author = {A Doucet and N {{\lowercase{D}}e Freitas} and N Gordon},
	Publisher = {Springer-Verlag},
	Title = {Sequential {M}onte {C}arlo in {P}ractice},
	Year = 2001}

@article{dowman98,
	Address = {Edinburgh, UK},
	Author = {Mike Dowman},
	Journal = {EUCCS-RP-1998-6},
	Title = {A cross-linguistic computational investigation of the learnability of syntactic, morphosyntactic, and phonological structure},
	Year = 1998}

@article{dowman00,
	Author = {Mike Dowman},
	Journal = {Proceedings of the 22nd Annual Conference of the Cognitive Science Society},
	Title = {Addressing the learnability of verb subcategorizations with Bayesian inference},
	Year = 2000}

@book{doyaetal07,
	Address = {Cambridge, MA},
	Author = {Kenji Doya and S Ishii and Alex Pouget and Rajesh Rao},
	Publisher = {MIT Press},
	Title = {Bayesian brain: Probabilistic approaches to neural coding},
	Year = 2007}

@article{edelsbrunnergrayson00,
	Author = {Herbert Edelsbrunner and Daniel Grayson},
	Journal = {Discrete computational geometry},
	Pages = {707--719},
	Title = {Edgewise subdivision of a simplex},
	Volume = {24},
	Year = {2000}}

@article{eisner02,
	Author = {Jason Eisner},
	Journal = {Cognitive Science},
	Pages = {255--268},
	Title = {Discovering deep structure via {B}ayesian statistics},
	Volume = {26},
	Year = {2002}}

@article{elioanderson84,
	Author = {R Elio and J Anderson},
	Journal = {Memory and Cognition},
	Number = 1,
	Pages = {20--30},
	Title = {The effects of information order and learning mode on schema abstraction},
	Volume = 12,
	Year = 1984}

@book{elmanetal96,
	Address = {Cambridge, MA},
	Author = {Jeff Elman and Elizabeth Bates and M Johnson and A Karmiloff-Smith and D Parisi and K Plunkett},
	Publisher = {MIT Press},
	Title = {Rethinking innateness: A connectionist perspective on development},
	Year = 1996}

@article{everett05,
	Author = {Daniel Everett},
	Journal = {Current Anthropology},
	Number = {4},
	Pages = {621-646},
	Title = {Cultural constraints on grammar and cognition in {P}irah{\~a}: Another look at the design features of human language},
	Volume = {46},
	Year = {2005}}

@article{feldman72,
	Author = {Jerry Feldman},
	Journal = {Information and Control},
	Number = 3,
	Pages = {244--262},
	Title = {Some decidability results on grammatical inference and complexity},
	Volume = 20,
	Year = 1972}

@article{feldmangriffiths07,
	Author = {Naomi Feldman and Tom Griffiths},
	Journal = {Proceedings of the 29th Annual Conference of the Cognitive Science Society},
	Title = {A rational account of the perceptual magnet effect},
	Year = 2007}

@book{fensonetal94,
	Author = {Larry Fenson and P Dale and J.S. Reznick and E. Bates and D. Thal and S. Pethick},
	Publisher = {Monographs of the Society for Research in Child Development},
	Title = {Variability in Early Communicative Devleopment},
	Volume = {49},
	Year = 1994}

@article{fisher33,
	Author = {R Fisher},
	Journal = {Proceedings of the Royal Society},
	Pages = {1--8},
	Title = {Probability, likelihood, and quantity of information in the logic of uncertain inference},
	Volume = 146,
	Year = 1933}

@article{fisheretal91,
	Author = {Cynthia Fisher and Henry Gleitman and Lila Gleitman},
	Journal = {Cognitive Psychology},
	Pages = {331--392},
	Title = {On the semantic content of subcategorization frames},
	Volume = 23,
	Year = 1991}

@article{fisher96,
	Author = {Cynthia Fisher},
	Journal = {Cognitive Psychology},
	Number = 1,
	Pages = {41--81},
	Title = {Structural limits on verb mapping: The role of analogy in children's interpretations of sentences},
	Volume = 31,
	Year = 1996}

@article{fitchhauser04,
	Author = {W.T. Fitch and Marc Hauser},
	Journal = {Science},
	Pages = {377--380},
	Title = {Computational constraints on syntactic processing in a nonhuman primate},
	Volume = 303,
	Year = 2004}

@book{fodor75,
	Address = {New York, NY},
	Author = {Jerry Fodor},
	Publisher = {Thomas Y. Crowell Company},
	Title = {The language of thought},
	Year = 1975}

@book{fodor81,
	Address = {Cambridge, MA},
	Author = {Jerry Fodor},
	Publisher = {MIT Press},
	Title = {Representations: philosophical essays on the foundations of cognitive science},
	Year = 1981}

@article{funahashi89,
	Author = {K Funahashi},
	Journal = {Neural Networks},
	Pages = {183--192},
	Title = {On the approximate realization of continuous mappings by neural networks},
	Volume = 2,
	Year = 1989}

@article{fulkersonwaxman07,
	Author = {A Fulkerson and Sandra Waxman},
	Journal = {Cognition},
	Number = 1,
	Pages = {218--228},
	Title = {Words (but not tones) facilitate object categorization: Evidence from 6- and 12-month-olds},
	Volume = 105,
	Year = 2007}

@article{funahashi98,
	Author = {K Funahashi},
	Journal = {Neural Networks},
	Number = 2,
	Pages = {209--213},
	Title = {Multilayer neural networks and Bayes decision theory},
	Volume = 11,
	Year = 1998}

@article{gahlgarnsey04,
	Author = {S. Gahl and S.M. Garnsey},
	Journal = {Language},
	Number = 4,
	Pages = {748--775},
	Title = {Knowledge of grammar, knowledge of usage: Syntactic probabilities affect pronunciation variation},
	Volume = 80,
	Year = 2004}

@book{gazzanigaetal02,
	Address = {New York, NY},
	Author = {M Gazzaniga and R Ivry and G Mangun},
	Edition = 2,
	Publisher = {W.W. Norton \& Company},
	Title = {Cognitive neuroscience: The biology of the mind},
	Year = 2002}

@article{gelmanoreilly88,
	Author = {Susan Gelman and A O'Reilly},
	Journal = {Child Development},
	Pages = {876--887},
	Title = {Children's inductive inferences within superordinate categories: the role of language and category structure},
	Volume = 59,
	Year = 1988}

@article{gelmanebeling98,
	Author = {Susan Gelman and K Ebeling},
	Journal = {Cognition},
	Pages = {B35--B47},
	Title = {Shape and representational status in children's early naming},
	Volume = 66,
	Year = 1998}

@book{gelmanetal04,
	Author = {Andrew Gelman and John Carlin and Hal Stern and Donald Rubin},
	Edition = 2,
	Publisher = {Chapman \& Hall},
	Title = {Bayesian Data Analysis},
	Year = 2004}

@article{gergelycsibra03,
	Author = {G Gergely and G Csibra},
	Journal = {Trends in Cognitive Science},
	Number = 7,
	Pages = {287--292},
	Title = {Teleological reasoning in infancy: the naive theory of rational action},
	Volume = 7,
	Year = 2003}

@article{gerkenetal05,
	Author = {Louann Gerken and Rachel Wilson and William Lewis},
	Journal = {Journal of Child Language},
	Pages = {249--268},
	Title = {Infants can use distributional cues to form syntactic categories},
	Volume = 32,
	Year = 2005}

@article{ghahramanietal06,
	Author = {Zoubin Ghahramani and Tom Griffiths and P Sollich},
	Journal = {ISBA 8th World Meeting on Bayesian Statistics},
	Title = {Bayesian nonparametric latent feature models},
	Year = 2006}

@article{gibson98,
	Author = {Edward Gibson},
	Journal = {Cognition},
	Pages = {1--76},
	Title = {Linguistic complexity: locality of semantic dependencies},
	Volume = 68,
	Year = 1998}

@book{gilksetal96,
	Author = {W Gilks and S Richardson and D Spiegelhalter},
	Publisher = {Chapman \& Hall},
	Title = {Markov chain {M}onte {C}arlo in practice},
	Year = 1996}

@article{gilletteetal91,
	Author = {J Gillette and Henry Gleitman and Lila Gleitman and A Lederer},
	Journal = {Cognition},
	Pages = {153--176},
	Title = {Human simulations of vocabulary learning},
	Volume = 73,
	Year = 1991}

@article{gleitman90,
	Author = {Lila Gleitman},
	Journal = {Language Acquisition},
	Pages = {3--55},
	Title = {The structural sources of word learning},
	Volume = 1,
	Year = 1990}

@article{gleitmanetal05,
	Author = {Lila Gleitman and Kimberly Cassidy and Rebecca Nappa and Anna Papafragou and John Trueswell},
	Issue = 1,
	Journal = {Language Learning and Development},
	Pages = {23--64},
	Title = {Hard words},
	Volume = 1,
	Year = 2005}

@article{gold67,
	Author = {E. Mark Gold},
	Journal = {Information and Control},
	Number = {5},
	Pages = {447-474},
	Title = {Language identification in the limit},
	Url = {http://www.isrl.uiuc.edu/~amag/langev/paper/gold67limit.html},
	Volume = {10},
	Year = {1967},
	Bdsk-Url-1 = {http://www.isrl.uiuc.edu/~amag/langev/paper/gold67limit.html}}

@book{goldberg95,
	Address = {Chicago, IL},
	Author = {Adele Goldberg},
	Publisher = {University of Chicago Press},
	Title = {A construction grammar approach to argument structure},
	Year = 1995}

@article{goldbergetal04,
	Author = {Adele Goldberg and D Casenhiser and N Sethuraman},
	Journal = {Cognitive Linguistics},
	Pages = {289--316},
	Title = {Learning argument structure generalizations},
	Volume = 14,
	Year = 2004}

@incollection{goldbergetal06,
	Address = {Stanford},
	Author = {Adele Goldberg and D Casenhiser and N Sethuraman},
	Booktitle = {Constructions in acquisition},
	Editor = {Eve Clark and B Kelly},
	Publisher = {CSLI Publications},
	Title = {Learning argument structure generalizations},
	Year = 2006}

@book{goldberg06,
	Address = {Oxford},
	Author = {Adele Goldberg},
	Publisher = {Oxford University Press},
	Title = {Constructions at work: The nature of generalization in language},
	Year = 2006}

@article{goldstonebarsalou98,
	Author = {Rob Goldstone and Larry Barsalou},
	Journal = {Cognition},
	Pages = {231--262},
	Title = {Reuniting perception and conception},
	Volume = 65,
	Year = 1998}

@incollection{goldstoneetal00,
	Author = {Rob Goldstone and Mark Steyvers and J Spencer-Smith and A Kersten},
	Booktitle = {Cognitive dynamics: Conceptual change in humans and machines},
	Editor = {E Dietrich and Art Markman},
	Pages = {191--228},
	Publisher = {Lawrence Erlbaum},
	Title = {Interactions between perceptual and conceptual learning},
	Year = 2000}

@article{goldwateretal06,
	Author = {Sharon Goldwater and Thomas Griffiths and Mark Johnson},
	Journal = {Advances in Neural Information Processing Systems},
	Title = {Interpolating between types and tokens by estimating power law generators},
	Volume = 18,
	Year = 2006}

@article{goldwatergriffiths07,
	Author = {Sharon Goldwater and Thomas Griffiths},
	Journal = {Proceedings of the 45th Annual Conference of the {A}ssociation for {C}omputational {L}inguistics},
	Title = {A fully {B}ayesian approach to unsupervised part-of-speech tagging},
	Year = 2007}

@article{gomezlakusta04,
	Author = {Rebecca Gomez and L Lakusta},
	Journal = {Developmental Science},
	Pages = {567--580},
	Title = {A first step in form-based category abstraction by 12-month-old infants},
	Volume = 7,
	Year = 2004}

@article{gomezmaye05,
	Author = {Rebecca Gomez and Jessica Maye},
	Journal = {Infancy},
	Number = 2,
	Pages = {183--206},
	Title = {The developmental trajectory of nonadjacent dependency learning},
	Volume = 7,
	Year = 2005}

@book{goodman55,
	Address = {Cambridge, MA},
	Author = {Nelson Goodman},
	Publisher = {Harvard Univ Press},
	Title = {Fact, fiction, and forecast},
	Year = 1955}

@article{goodmanetal07,
	Author = {Noah Goodman and Tom Griffiths and Jerry Feldman and Josh Tenenbaum},
	Journal = {Proceedings of the 29th Annual Conference of the Cognitive Science Society},
	Title = {A rational analysis of rule-based concept learning},
	Year = 2007}

@article{gopniketal04,
	Author = {Alison Gopnik and C Glymour and D Sobel and Laura Schulz and Tamar Kushnir and David Danks},
	Journal = {Psychological Review},
	Number = 1,
	Pages = {1--30},
	Title = {A theory of causal learning in children: Causal maps and {B}ayes nets},
	Volume = 111,
	Year = 2004}

@article{gordon90,
	Author = {Peter Gordon},
	Journal = {Developmental Psychology},
	Number = 2,
	Pages = {217--220},
	Title = {Learnability and feedback},
	Volume = 26,
	Year = 1990}

@book{green74,
	Address = {Bloomington, IN},
	Author = {G Green},
	Publisher = {Indiana University Press},
	Title = {Semantics and syntactic regularity},
	Year = 1974}

@article{griffithsetal04,
	Author = {Thomas Griffiths and Elizabeth Baraff and Josh Tenenbuam},
	Journal = {Proceedings of the 26th Annual Conference of the Cognitive Science Society},
	Title = {Using physical theories to infer hidden causal structure},
	Year = 2004}

@article{griffithsetal05,
	Author = {Thomas Griffiths and Mark Steyvers and David Blei and Josh Tenenbaum},
	Journal = {Advances in Neural Information Processing Systems},
	Title = {Integrating topics and syntax},
	Volume = 17,
	Year = 2005}

@article{griffithsetal07b,
	Author = {Tom Griffiths and Kevin Canini and Adam Sanborn and Daniel Navarro},
	Journal = {Proceedings of the 29th Annual Conference of the Cognitive Science Society},
	Title = {Unifying rational models of categorization via the hierarchical {D}irichlet {P}rocess},
	Year = 2007}

@article{griffithsetal07,
	Author = {Tom Griffiths and M Steyvers and Josh Tenenbaum},
	Journal = {Psychological Review},
	Number = 2,
	Pages = {211--244},
	Title = {Topics in semantic representation},
	Volume = 114,
	Year = 2007}

@article{gropenetal89,
	Author = {Jess Gropen and Steven Pinker and M Hollander and R Goldberg and R Wilson},
	Journal = {Language},
	Title = {The learnability and acquisition of the dative alternation in {E}nglish},
	Volume = 65,
	Year = 1989}

@article{gropenetal91,
	Author = {Jess Gropen and Steven Pinker and M Hollander and R Goldberg},
	Journal = {Cognition},
	Pages = {153--195},
	Title = {Affectedness and direct objects: The role of lexical semantics in the acquisition of verb argument structure},
	Volume = 41,
	Year = 1991}

@article{gropenetal91b,
	Author = {Jess Gropen and Steven Pinker and M Hollander and R Goldberg},
	Journal = {Journal of Child Language},
	Number = 1,
	Pages = {115--151},
	Title = {Syntax and semantics in the acquisition of locative verbs},
	Volume = 18,
	Year = 1991}

@book{grunwaldetal05,
	Address = {Cambridge, MA},
	Author = {P Gr{\"u}nwald and Jay Myung and M Pitt},
	Publisher = {MIT Press},
	Title = {Advances in minimum description length: Theory and applications},
	Year = 2005}

@article{hauseretal02,
	Author = {Marc Hauser and Noam Chomsky and W. Tecumseh Fitch},
	Journal = {Science},
	Number = {5598},
	Pages = {1569--1579},
	Title = {The faculty of language: What is it, who has it, and how did it evolve?},
	Volume = {298},
	Year = {2002}}

@article{heibeckmarkman87,
	Author = {T Heibeck and E Markman},
	Journal = {Child Development},
	Pages = {1021--1024},
	Title = {Word learning in children: an examination of fast mapping},
	Volume = 58,
	Year = 1987}

@book{hertzetal91,
	Address = {Reading, MA},
	Author = {J Hertz and A Krogh and R Palmer},
	Publisher = {Perseus Books},
	Title = {Introduction to the theory of neural computation: Santa {F}e Institute studies in the science of complexity},
	Volume = 1,
	Year = 1991}

@article{hirshpaseketal84,
	Author = {Kathy Hirsh-Pasek and R Treiman and M Schneiderman},
	Journal = {Journal of Child Language},
	Pages = {81--88},
	Title = {Brown and {H}anlon revisited: Mothers' sensitivity to ungrammatical forms},
	Volume = 11,
	Year = 1984}

@book{howsonurbach93,
	Author = {Colin Howson and Peter Urbach},
	Edition = 2,
	Publisher = {Open Court Publishing Company},
	Title = {Scientific reasoning: The {B}ayesian approach},
	Year = 1993}

@article{horniketal89,
	Author = {K Hornik and M Stinchcombe and H White},
	Journal = {Neural Networks},
	Pages = {359--366},
	Title = {Multilayer feedforward networks are universal approximators},
	Volume = 2,
	Year = 1989}

@techreport{horning69,
	Author = {James Jay Horning},
	Institution = {Stanford University},
	Number = 139,
	Title = {A study of grammatical inference},
	Year = 1969}

@article{hortonmarkman80,
	Author = {Marjorie Horton and Ellen Markman},
	Journal = {Child Development},
	Pages = {708--719},
	Title = {Developmental Differences in the Acquisition of Basic and Superordinate Categories},
	Volume = 51,
	Year = 1980}

@article{hubertarabie85,
	Author = {L Hubert and P Arabie},
	Date-Modified = {2013-04-12 04:44:34 +0000},
	Journal = {Journal of Classification},
	Pages = {193--218},
	Title = {Comparing partitions},
	Year = 1985}

@article{hudsonkamnewport05,
	Author = {Hudson Kam, Carla and Elissa Newport},
	Journal = {Language Learning and Development},
	Pages = {151--195},
	Title = {Regularizing unpredictable variation: The roles of adult and child learners in language formation and change},
	Volume = 1,
	Year = 2005}

@article{imaietal94,
	Author = {M Imai and Dedre Gentner and N Uchida},
	Journal = {Cognitive Development},
	Pages = {45--75},
	Title = {Children's theories of word meaning: The role of shape similarity in early acquisition},
	Volume = 9,
	Year = 1994}

@book{jaynes03,
	Address = {Cambridge},
	Author = {Edwin Jaynes},
	Publisher = {Cambridge University Press},
	Title = {Probability theory: The logic of science},
	Year = 2003}

@book{jeffreys31,
	Author = {Harold Jeffreys},
	Publisher = {Cambridge University Press},
	Title = {Scientific inference},
	Year = 1931}

@book{jeffreys39,
	Address = {Oxford},
	Author = {Harold Jeffreys},
	Publisher = {Clarendon Press},
	Title = {Theory of probability},
	Year = 1939}

@article{johnsonriezler02,
	Author = {Mark Johnson and Stefan Riezler},
	Journal = {Cognitive Science},
	Pages = {239--253},
	Title = {Statistical models of syntax learning and use},
	Year = 2002}

@webpage{johnsoncode,
	Author = {Mark Johnson},
	Lastchecked = {February, 2006},
	Title = {Inside-outside algorithm},
	Url = {\url{http://www.cog.brown.edu/~mj/code/inside-outside.tgz}},
	Year = {2006},
	Bdsk-Url-1 = {http://www.cog.brown.edu/~mj/code/inside-outside.tgz}}

@article{johnsonetal07,
	Author = {Mark Johnson and Thomas Griffiths and Sharon Goldwater},
	Journal = {Neural Information Processing Systems},
	Number = 19,
	Title = {Adaptor grammars: A framework for specifying compositional nonparametric {B}ayesian models},
	Year = 2007}

@article{jonessmith02,
	Author = {S Jones and Linda Smith},
	Journal = {Developmental Science},
	Number = 2,
	Pages = {219--232},
	Title = {How children know the relevant properties for generalizing object names},
	Volume = 5,
	Year = 2002}

@article{julianotanenhaus93,
	Author = {Cornell Juliano and Michael Tanenhaus},
	Journal = {Proceedings of the 15th Annual Conference of the Cognitive Science Society},
	Title = {Contingent frequency effects in syntactic ambiguity resolution},
	Year = 1993}

@article{julianotanenhaus94,
	Author = {Cornell Juliano and Michael Tanenhaus},
	Journal = {Journal of Psycholinguistic Research},
	Pages = {439--472},
	Title = {A constraint-based lexicalist account of the subject/object attachment preference},
	Volume = 23,
	Year = 1994}

@article{julianotanenhaus98,
	Author = {Cornell Juliano and Michael Tanenhaus},
	Journal = {Proceedings of the 15th Annual Conference of the Cognitive Science Society},
	Pages = {593--598},
	Title = {Contingent frequency effects in syntactic ambiguity resolution},
	Year = 1998}

@incollection{jurafsky03,
	Address = {Cambridge, MA},
	Author = {Daniel Jurafsky},
	Booktitle = {Probabilistic Linguistics},
	Editor = {Rens Bod and Jennifer Hay and Stefanie Jannedy},
	Publisher = {MIT Press},
	Title = {Probabilistic modeling in psycholinguistics: Linguistic comprehension and production},
	Year = 2003}

@book{jurafskymartin00,
	Author = {Daniel Jurafsky and James Martin},
	Publisher = {Prentice Hall},
	Title = {Speech and language processing: An introduction to natural language processing, computational linguistics and speech recognition},
	Year = 2000}

@article{kametal05,
	Author = {Xudn-Nga Kam, I Stonyeshka, L Tornyova, W Sakas, J Fodor},
	Title = {Statistics vs. UG in language acquisition: Does a bigram analysis predict auxiliary inversion?},
	Year = 2005}

@article{kam06,
	Author = {Xudn-Nga Cao Kam},
	Journal = {Talk presented at 31st annual Boston University Conference on Language Development},
	Month = {November},
	Title = {Statistical induction in the acquisition of auxiliary inversion},
	Year = {2006}}

@article{keil94,
	Author = {Frank Keil},
	Journal = {Lingua},
	Pages = {169--196},
	Title = {Explanation, association, and the acquisition of word meaning},
	Volume = {92},
	Year = {2003}}

@article{kempetal04,
	Author = {Charles Kemp and Amy Perfors and Josh B. Tenenbaum},
	Journal = {Proceedings of the 26th Annual Conference of the Cognitive Science Society},
	Title = {Learning domain structures},
	Year = 2004}

@article{kempetal06,
	Author = {Charles Kemp and Josh Tenenbaum and Tom Griffiths and T Yamada and N Ueda},
	Journal = {Proceedings of the 21st National Conference on Artificial Intelligence},
	Title = {Learning systems of concepts with an infinite relational model},
	Year = 2006}

@article{kempetal07,
	Author = {Charles Kemp and Amy Perfors and Josh B. Tenenbaum},
	Journal = {Developmental Science},
	Number = {3},
	Pages = {307--321},
	Title = {Learning overhypotheses with hierarchical {B}ayesian models},
	Volume = {10},
	Year = 2007}

@article{kempetal07b,
	Author = {Charles Kemp and Noah Goodman and Josh Tenenbaum},
	Journal = {Proceedings of the 29th Annual Conference of the Cognitive Science Society},
	Title = {Learning causal schemata},
	Year = 2007}

@article{kearnsvaliant89,
	Author = {M Kearns and L Valiant},
	Journal = {Proceedings of the 21st Annual ACM Symposium on Theory of Computing},
	Pages = {433--444},
	Title = {Cryptographic limitations on learning ({B}oolean) formulae and finite automata},
	Year = 1989}

@article{kleinmanning04,
	Author = {Dan Klein and Christopher Manning},
	Journal = {Proceedings of the 42nd Annual Conference of the Association for Computational Linguistics},
	Pages = {479--486},
	Title = {Corpus-based induction of syntactic structure: Models of dependency and constituency},
	Year = {2004}}

@article{kolmogorov65,
	Author = {A Kolmogorov},
	Journal = {Problems of Information and Transmission},
	Number = 1,
	Pages = {1--7},
	Title = {Three approaches to the quantitative definition of information},
	Volume = 1,
	Year = 1965}

@article{kordingwolpert06,
	Author = {Konrad K{\"o}rding and Daniel Wolpert},
	Journal = {Trends in Cognitive Sciences},
	Number = {7},
	Pages = {319--326},
	Title = {Bayesian Decision Theory in Sensorimotor Control},
	Volume = {10},
	Year = {2006}}

@incollection{kruschke08,
	Address = {New York},
	Author = {John Kruschke},
	Booktitle = {The {C}ambridge {H}andbook of {C}omputational {P}sychology},
	Editor = {R Sun},
	Pages = {267--301},
	Publisher = {Cambridge University Press},
	Title = {Models of categorization},
	Year = 2008}

@article{landauerdumais97,
	Author = {Tom Landauer and S Dumais},
	Journal = {Psychological Review},
	Number = 2,
	Pages = {211-240},
	Title = {A solution to {P}lato's problem: The {L}atent {S}emantic {A}nalysis theory of acquisition, induction, and representation of knowledge},
	Volume = 104,
	Year = 1997}

@book{landaugleitman85,
	Address = {Cambridge, MA},
	Author = {Barbara Landau and Lila Gleitman},
	Publisher = {Harvard University Press},
	Title = {Language and experience: Evidence from a blind child},
	Year = 1985}

@article{landauetal88,
	Author = {B Landau and Linda Smith and S Jones},
	Journal = {Cognitive Development},
	Pages = {299--321},
	Title = {The importance of shape in early lexical learning},
	Volume = 3,
	Year = 1988}

@article{laurencemargolis01,
	Author = {Stephen Laurence and Eric Margolis},
	Journal = {British Journal of the Philosophy of Science},
	Pages = {217--276},
	Title = {The poverty of the stimulus argument},
	Volume = 52,
	Year = 2001}

@book{lee97,
	Address = {New York},
	Author = {P Lee},
	Publisher = {Wiley},
	Title = {Bayesian statistics},
	Year = 1997}

@article{leemumford03,
	Author = {T Lee and D Mumford},
	Journal = {Journal of the Optical Society of America A},
	Pages = {1434--1448},
	Title = {Hierarchical {B}ayesian inference in the visual cortex},
	Volume = 20,
	Year = 2003}

@article{legateyang02,
	Author = {Julie Legate and Charles Yang},
	Journal = {Linguistic Review},
	Pages = {151--162},
	Title = {Empirical re-assessment of stimulus poverty arguments},
	Volume = 19,
	Year = 2002}

@article{leslieetal98,
	Author = {A Leslie and Fei Xu and P Tremoulet and Brian Scholl},
	Journal = {Trends in Cognitive Sciences},
	Pages = {10--18},
	Title = {Indexing and the object concept: Developing 'what' and 'where' systems},
	Volume = 2,
	Year = 1998}

@book{levin93,
	Author = {Beth Levin},
	Publisher = {University of Chicago Press},
	Title = {English verb classes and alternations: A preliminary investigation},
	Year = 1993}

@article{lewiselman01,
	Author = {John Lewis and Jeffrey Elman},
	Journal = {Proceedings of the 26th Boston University Conference on Language Development},
	Publisher = {Cascadilla Press},
	Title = {Learnability and the statistical structure of language: Poverty of Stimulus arguments revisited},
	Year = 2001}

@article{lightgreiff02,
	Author = {Marc Light and Warren Greiff},
	Journal = {Cognitive Science},
	Pages = {269--281},
	Title = {Statistical models for the induction and use of selectional preferences},
	Volume = 26,
	Year = 2002}

@article{lindley56,
	Author = {D Lindley},
	Journal = {Annals of Mathematics},
	Pages = {986--1005},
	Title = {On a measure of the information provided by an experiment},
	Volume = 27,
	Year = 1956}

@book{livitanyi97,
	Address = {NY},
	Author = {M Li and P Vit{\`a}nyi},
	Publisher = {Springer Verlag},
	Title = {An Introduction to {K}olmogorov complexity and its applications},
	Year = 1997}

@article{loveetal04,
	Author = {Brad Love and Doug Medin and T Gureckis},
	Journal = {Psychological Review},
	Number = 2,
	Pages = {309--332},
	Title = {SUSTAIN: A network model of category learning},
	Volume = 111,
	Year = 2004}

@article{macario91,
	Author = {Jason F. Macario},
	Journal = {Cognitive Development},
	Pages = {17--46},
	Title = {Young children's use of color in classification: Foods as canonically colored objects},
	Volume = 6,
	Year = 1991}

@article{macdonald94,
	Author = {Maryellen MacDonald},
	Journal = {Language and Cognitive Processes},
	Pages = {157--201},
	Title = {Probabilistic constraints and syntactic ambiguity resolution},
	Volume = 9,
	Year = 1994}

@book{macnamara82,
	Author = {John Macnamara},
	Publisher = {MIT Press},
	Title = {Names for Things},
	Year = 1982}

@article{mackay95,
	Author = {David MacKay},
	Journal = {Network: Computation in Neural Systems},
	Pages = {469--505},
	Title = {Probable networks and plausible predictions -- a review of practical {B}ayesian methods for supervised neural networks},
	Volume = 6,
	Year = 1995}

@incollection{mackay98,
	Address = {Cambridge, MA},
	Author = {David MacKay},
	Booktitle = {Learning in graphical models},
	Editor = {Michael Jordan},
	Pages = {175--204},
	Publisher = {MIT Press},
	Title = {Introduction to {M}onte {C}arlo methods},
	Year = 1998}

@book{mackay03,
	Address = {Cambridge, UK},
	Author = {David MacKay},
	Publisher = {Cambridge University Press},
	Title = {Information theory, Inference, and Learning Algorithms},
	Year = 2003}

@book{macwhinney00,
	Author = {Brian MacWhinney},
	Edition = {Third},
	Publisher = {Lawrence Erlbaum Associates},
	Title = {The {CHILDES} project: Tools for analyzing talk},
	Year = 2000}

@article{maetal06,
	Author = {W Ma and J Beck and P Latham and Alex Pouget},
	Journal = {Nature Neuroscience},
	Number = 11,
	Pages = {1432--1438},
	Title = {Bayesian inference with probabilistic population codes},
	Volume = 9,
	Year = 2006}

@article{mandlermcdonough93,
	Author = {J Mandler and L McDonough},
	Journal = {Cognitive Development},
	Pages = {291--318},
	Title = {Concept formation in infancy},
	Volume = {9},
	Year = {1993}}

@book{manningschutze99,
	Address = {Cambridge, MA},
	Author = {Chris Manning and Heinrich Sch{\"u}tze},
	Publisher = {MIT Press},
	Title = {Foundations of statistical natural language processing},
	Year = 1999}

@article{marcusetal92,
	Author = {Gary Marcus and Steven Pinker and Michael Ullman and M Hollander and T Rosen and Fei Xu and H Clahsen},
	Journal = {Monographs of the Society for Research in Child Development},
	Pages = {1--178},
	Title = {Overregularization in language acquisition},
	Volume = 57,
	Year = 1992}

@article{marcus93,
	Author = {Gary Marcus},
	Journal = {Cognition},
	Pages = {53--85},
	Title = {Negative evidence in language acquisition},
	Volume = 46,
	Year = 1993}

@book{markman89,
	Address = {Cambridge, MA},
	Author = {Ellen Markman},
	Date-Modified = {2010-12-21 15:16:09 +1030},
	Publisher = {MIT Press},
	Title = {Categorization and naming in children},
	Year = 1989}

@article{markmanhutchinson84,
	Author = {Ellen Markman and J Hutchinson},
	Journal = {Cognitive Psychology},
	Pages = {1--27},
	Title = {Children's sensitivity to constraints on word meaning: taxonomic vs. thematic relations},
	Volume = 16,
	Year = 1984}

@article{markman90,
	Author = {Ellen Markman},
	Journal = {Cognitive Science},
	Pages = {57--77},
	Title = {Constraints children place on word meanings},
	Volume = 14,
	Year = 1990}

@article{markmanwachtel88,
	Author = {Ellen Markman and G Wachtel},
	Journal = {Cognitive Psychology},
	Pages = {121--157},
	Title = {Children's use of mutual exclusivity to constrain the meanings of words},
	Volume = 20,
	Year = 1988}

@article{marks68,
	Author = {L Marks},
	Journal = {Journal of Verbal Learning and Verbal Behavior},
	Pages = {965--967},
	Title = {Scaling of grammaticalness of self-embedded {E}nglish sentences},
	Volume = 5,
	Year = 1968}

@article{marksonetal08,
	Author = {Lori Markson and Gil Diesendruck and Paul Bloom},
	Journal = {Developmental Science},
	Number = 2,
	Pages = {204--208},
	Title = {The shape of thought},
	Volume = 11,
	Year = 2008}

@book{marr82,
	Author = {David Marr},
	Publisher = {Henry Holt \& Company},
	Title = {Vision: A computational investigation into the human representation and processing of visual information},
	Year = 1982}

@article{matthewsetal05,
	Author = {D Matthews and Elena Lieven and Anna Theakston and Michael Tomasello},
	Journal = {Cognitive Development},
	Pages = {121--136},
	Title = {The role of frequency in the acquisition of the English word},
	Volume = 201,
	Year = 2005}

@article{mazurkewichwhite84,
	Author = {I Mazurkewich and L White},
	Journal = {Cognition},
	Pages = {261--283},
	Title = {The acquisition of the dative alternation: Unlearning overgeneralizations},
	Volume = 16,
	Year = 1984}

@book{mcclellandrumelhart86,
	Author = {James McClelland and David Rumelhart},
	Publisher = {MIT Press},
	Title = {Parallel distributed processing: Explorations in the microstructure of cognition},
	Volume = 2,
	Year = 1986}

@article{mcclellandetal95,
	Author = {James McClelland and B McNaughton and R O'Reilly},
	Journal = {Psychological Review},
	Pages = {419--457},
	Title = {Why there are complementary learning systems in the hippocampus and neocortex: Insights from the successes and failures of connectionist models of learning and memory},
	Volume = 102,
	Year = 1995}

@incollection{mcclelland98,
	Address = {Oxford},
	Author = {James McClelland},
	Booktitle = {Rational models of cognition},
	Editor = {M Oaksford and Nick Chater},
	Pages = {21--53},
	Publisher = {Oxford University Press},
	Title = {Connectionist models and {B}ayesian inference},
	Year = 1998}

@incollection{mcneill66,
	Address = {Cambridge, MA},
	Author = {D McNeill},
	Booktitle = {The genesis of language},
	Editor = {F Smith and George Miller},
	Publisher = {MIT Press},
	Title = {Developmental psycholinguistics},
	Year = 1966}

@article{mcraeetal05,
	Author = {Ken McRae and G Cree and M Seidenberg and C McNorgan},
	Journal = {Behavior Research Methods},
	Pages = {547--559},
	Title = {Semantic feature production norms for a large set of living and nonliving things},
	Volume = 37,
	Year = 2005}

@article{miller62,
	Author = {George Miller},
	Journal = {American Psychologist},
	Pages = {748--762},
	Title = {Some psychological studies of grammar},
	Volume = 17,
	Year = 1962}

@incollection{millerchomsky63,
	Author = {George Miller and Noam Chomsky},
	Editor = {R Luce and R Bush and E Galanter},
	Journal = {Handbook of Mathematical Psychology},
	Pages = {419--492},
	Publisher = {John Wiley},
	Title = {Finitary models of language users},
	Volume = 2,
	Year = 1963}

@article{mintz02,
	Author = {Toben Mintz},
	Journal = {Memory and Cognition},
	Pages = {678--686},
	Title = {Category induction from distributional cues in an artificial language},
	Volume = 30,
	Year = 2002}

@article{mintzetal02,
	Author = {Toben Mintz and Elissa Newport and Thomas Bever},
	Journal = {Cognitive Science},
	Pages = {393--424},
	Title = {The distributional structure of grammatical categories in speech to young children},
	Volume = 26,
	Year = 2002}

@incollection{mitchell87,
	Address = {Hillsdale, NJ},
	Author = {D Mitchell},
	Booktitle = {Attention and performance {XII}: The psychology of reading},
	Editor = {M Coltheart},
	Pages = {601--681},
	Publisher = {Erlbaum},
	Title = {Lexical guidance in human parsing: Locus and processing characteristics},
	Year = 1987}

@book{morgandemuth96,
	Address = {Mahwah, NJ},
	Author = {Jim Morgan and K Demuth},
	Publisher = {Lawrence Erlbaum Associates},
	Title = {Signal to syntax: Bootstrapping from speech to grammar in early acquistition},
	Year = 1996}

@article{mynattetal78,
	Author = {Clifford Mynatt and Michael Doherty and Ryan Tweney},
	Journal = {Quarterly Journal of Experimental Psychology},
	Pages = {395--406},
	Title = {Consequences of confirmation and disconfirmation in a simulated research environment},
	Volume = 30,
	Year = 1978}

@article{naigles90,
	Author = {Letitia Naigles},
	Journal = {Journal of Child Language},
	Pages = {357--374},
	Title = {Children use syntax to learn verb meanings},
	Volume = 17,
	Year = 1990}

@article{navarro06,
	Author = {Daniel Navarro},
	Journal = {Proceedings of the 28th Annual Conference of the Cognitive Science Society},
	Title = {From natural kinds to complex categories},
	Year = 2006}

@article{navarrogriffiths07,
	Author = {Dan Navarro and Tom Griffiths},
	Journal = {Advances in Neural Information Processing Systems},
	Title = {A nonparametric {B}ayesian method for inferring features from similarity judgments},
	Volume = 19,
	Year = 2007}

@techreport{neal92,
	Author = {Radford Neal},
	Institution = {University of Toronto},
	Title = {Bayesian mixture modeling by {M}onte {C}arlo {S}imulation},
	Year = {1992}}

@techreport{neal93,
	Author = {Radford Neal},
	Institution = {University of Toronto},
	Number = {CRG-TR-93-1},
	Title = {Probabilistic inference using {M}arkov chain {M}onte {C}arlo methods},
	Year = 1993}

@techreport{neal94,
	Author = {Radford Neal},
	Institution = {University of Toronto},
	Number = {CRG-TR-94-1},
	Title = {Priors for infinite networks},
	Year = 1994}

@book{neal96,
	Author = {Radford Neal},
	Publisher = {Springer},
	Title = {Bayesian learning for neural networks},
	Year = 1996}

@article{needhambaillargeon00,
	Author = {Amy Needham and Renee Baillargeon},
	Journal = {Cognition},
	Pages = {255--284},
	Title = {Infants' use of featural and experiential information in segregating and individuating objects: a reply to Xu, Carey, and Welch (1999)},
	Volume = 74,
	Year = 2000}

@incollection{newportetal77,
	Address = {Cambridge},
	Author = {Elissa Newport and Henry Gleitman and Lila Gleitman},
	Booktitle = {Talking to children: Language input and acquisition},
	Editor = {C Snow and C Ferguson},
	Publisher = {Cambridge University Press},
	Title = {Mother, Id rather do it myself: Some effects and non-effects of maternal speech style},
	Year = 1977}

@article{newportaslin04,
	Author = {Elissa Newport and Richard Aslin},
	Journal = {Cognitive Psychology},
	Pages = {127--162},
	Title = {Learning at a distance: Statistical learning of non-adjacent dependencies},
	Volume = 48,
	Year = 2004}

@article{nickerson98,
	Author = {Raymond Nickerson},
	Journal = {Review of General Psychology},
	Number = 2,
	Pages = {175--220},
	Title = {Confirmation bias: A ubiquitous phenomenon in many guises},
	Volume = 2,
	Year = 1998}

@article{niyogi02,
	Author = {Sourabh Niyogi},
	Journal = {Proceedings of the 24th Annual Conference of the Cognitive Science Society},
	Title = {Bayesian learning at the syntax-semantics interface},
	Year = 2002}

@book{niyogi06,
	Address = {Cambridge, MA},
	Author = {Partha Niyogi},
	Publisher = {MIT Press},
	Title = {The computational nature of language learning and evolution},
	Year = 2006}

@article{oaksfordchater94,
	Author = {Mike Oaksford and Nick Chater},
	Journal = {Psychological Review},
	Pages = {608--631},
	Title = {A rational analysis of the selection task as optimal data selection},
	Volume = 101,
	Year = 1994}

@booksection{oaksfordchater98,
	Author = {Mike Oaksford and Nick Chater},
	Booktitle = {Rational models of cognition},
	Pages = {372--398},
	Publisher = {Oxford University Press},
	Title = {A revised rational analysis of the selection task: exceptions and sequential sampling},
	Year = 1998}

@article{onnisetal02,
	Author = {Luca Onnis and Matthew Roberts and Nick Chater},
	Journal = {Proceedings of the 24th Annual Conference of the Cognitive Science Society},
	Title = {Simplicity: A cure for overregularizations in language acquisition?},
	Year = 2002}

@article{onnisetal05,
	Author = {Luca Onnis and Padraic Monaghan and Morten Christiansen and Nick Chater},
	Booktitle = {Proceedings of the 27th Annual Conference of the Cognitive Science Society},
	Title = {Variability is the spice of learning, and a crucial ingredient for detecting and generalizing in nonadjacent dependencies},
	Year = 2005}

@book{oshersonetal86,
	Address = {Cambridge, MA},
	Author = {Daniel Osherson and M Stob and S Weinstein},
	Publisher = {MIT Press},
	Title = {Systems that learn},
	Year = 1986}

@article{oshersonetal90,
	Author = {Daniel Osherson and Edward E. Smith and Ormond Wilkie and Alexandro Lopez and Eldar Shafir},
	Journal = {Psych.Rev.},
	Pages = {185--200},
	Title = {Category-Based Induction},
	Volume = {97},
	Year = {1990}}

@article{oshersonetal91,
	Author = {Daniel Osherson and J Stern and O Wilkie and M Stob and E Smith},
	Journal = {Cognitive Science},
	Pages = {251--269},
	Title = {Default probability},
	Volume = 15,
	Year = 1991}

@article{papafragouetal07,
	Author = {Anna Papafragou and Kimberly Cassidy and Lila Gleitman},
	Journal = {Cognition},
	Pages = {125--165},
	Title = {What we think about thinking: The acquisition of belief verbs},
	Volume = 105,
	Year = 2007}

@book{pearl00,
	Author = {J Pearl},
	Publisher = {Cambridge University Press},
	Title = {Causality: Models, reasoning, and inference},
	Year = 2000}

@article{perforsetal06,
	Author = {Amy Perfors and Josh Tenenbaum and Terry Regier},
	Journal = {28th Annual Conference of the Cognitive Science Society},
	Title = {Poverty of the stimulus? {A} rational approach},
	Year = 2006}

@article{perforsetal08,
	Author = {Amy Perfors and Josh Tenenbaum and Terry Regier},
	Journal = {Cognition},
	Title = {The learnability of abstract syntactic principles},
	Year = {submitted}}

@article{perforsetal08b,
	Author = {Amy Perfors and Josh Tenenbaum and Edward Gibson and Terry Regier},
	Journal = {Linguistic Review},
	Title = {How recursive is language? {A} {B}ayesian exploration},
	Year = {submitted}}

@article{perforstenenbaum08,
	Author = {Amy Perfors and Josh Tenenbaum},
	Title = {Bayesian inference in cognitive science and language acquisition},
	Year = {submitted}}

@article{perforsetal10,
	Author = {Amy Perfors and Joshua Tenenbaum and Elizabeth Wonnacott},
	Date-Modified = {2010-12-25 13:02:42 +1030},
	Journal = {Journal of Child Language},
	Pages = {607-642},
	Title = {Variability, negative evidence, and the acquisition of verb argument constructions},
	Volume = {37},
	Year = {2010}}

@book{pinker84,
	Address = {Cambridge, MA},
	Author = {Steven Pinker},
	Publisher = {Harvard University Press},
	Title = {Language Learnability and Language Development},
	Year = 1984}

@book{pinker89,
	Address = {Cambridge, MA},
	Author = {Steven Pinker},
	Publisher = {MIT Press},
	Title = {Learnability and cognition: The acquisition of argument structure},
	Year = 1989}

@article{pinker94,
	Author = {Steven Pinker},
	Journal = {Lingua},
	Pages = {377-410},
	Title = {How could a child use verb syntax to learn verb semantics?},
	Volume = 92,
	Year = 1994}

@book{pinker96,
	Address = {Cambridge, MA},
	Author = {Steven Pinker},
	Publisher = {Harvard University Press},
	Title = {Language learnability and language development},
	Year = 1984}

@book{plato,
	Address = {Cambridge},
	Author = {Plato},
	Publisher = {Cambridge University Press},
	Title = {Meno},
	Year = 2003}

@book{popper59,
	Author = {Karl Popper},
	Publisher = {Routledge},
	Title = {The logic of scientific discovery},
	Year = 1959}

@article{pougetetal03,
	Author = {Alex Pouget and P Dayan and R Zemel},
	Journal = {Annual Reviews in Neuroscience},
	Pages = {381--410},
	Title = {Inference and computation with population codes},
	Volume = 26,
	Year = 2003}

@article{pullumscholz02,
	Author = {Geoffrey Pullum and Barbara Scholz},
	Journal = {Linguistic Review},
	Pages = {9--50},
	Title = {Empirical assessment of stimulus poverty arguments},
	Volume = {19},
	Year = {2002}}

@book{quine60,
	Address = {Cambridge, MA},
	Author = {W.V.O. Quine},
	Publisher = {MIT Press},
	Title = {Word and Object},
	Year = 1960}

@article{rand71,
	Author = {W Rand},
	Journal = {Journal of the American Statistical Association},
	Pages = {846--850},
	Title = {Objective criteria for the evaluation of clustering methods},
	Volume = 66,
	Year = 1971}

@article{raoetal02,
	Address = {Cambridge, MA},
	Author = {Rajesh Rao and B Olshausen and M Lewicki},
	Publisher = {MIT Press},
	Title = {Probabilistic models of the brain: Perception and neural function},
	Year = 2002}

@article{rao04,
	Author = {Rajesh Rao},
	Journal = {Neural Computation},
	Pages = {1--38},
	Title = {Bayesian computation in recurrent neural circuits},
	Volume = 16,
	Year = 2004}

@incollection{rao07,
	Address = {Cambridge, MA},
	Author = {Rajesh Rao},
	Booktitle = {Bayesian brain: Probabilistic approaches to neural coding},
	Editor = {Kenji Doya and S Ishii and Alex Pouget and Rajesh Rao},
	Pages = {239--267},
	Publisher = {MIT Press},
	Title = {Neural models of {B}ayesian belief propagation},
	Year = 2007}

@article{realichristiansen04,
	Author = {Florencia Reali and Morten Christiansen},
	Journal = {Proceedings of the 26th Conference of the Cognitive Science Society},
	Title = {Structure dependence in language acquisition: Uncovering the statistical richness of the stimulus},
	Year = 2004}

@article{realichristiansen05,
	Author = {Florencia Reali and Morten Christiansen},
	Journal = {Cognitive Science},
	Pages = {1007--1028},
	Title = {Uncovering the statistical richness of the stimulus: Structure dependence and indirect statistical evidence},
	Volume = 29,
	Year = 2005}

@article{regiergahl04,
	Author = {Terry Regier and Susanne Gahl},
	Journal = {Cognition},
	Pages = {147--155},
	Title = {Learning the unlearnable: The role of missing evidence},
	Volume = 93,
	Year = 2004}

@article{redingtonetal98,
	Author = {Martin Redington and Nick Chater and Steven Finch},
	Journal = {Cognitive Science},
	Pages = {425--469},
	Title = {Distributional information: A powerful cue for acquiring syntactic categories},
	Volume = 22,
	Year = 1998}

@article{rissanen78,
	Author = {Jorma Rissanen},
	Journal = {Automatica},
	Number = 5,
	Pages = {465--471},
	Title = {Modeling by shortest data description},
	Volume = 14,
	Year = 1978}

@incollection{rissanenristad92,
	Author = {J Rissanen and E Ristad},
	Booktitle = {Language Computations},
	Editor = {E Ristad},
	Publisher = {American Mathematical Society (DIMACS series)},
	Title = {Language acquisition in the MDL framwork},
	Year = 1992}

@article{robbins52,
	Author = {H Robbins},
	Journal = {Bulletin of the American Mathematical Society},
	Pages = {527--535},
	Title = {Some aspects of the sequential design of experiments},
	Volume = 55,
	Year = 1952}

@article{robinsonetal06,
	Author = {Christopher Robinson and C Timbrook and Vladimir Sloutsky},
	Journal = {28th Annual Conference of the Cognitive Science Society},
	Title = {Auditory overshadowing and categorization: When decreased visual processing facilitates categorization},
	Year = 2006}

@article{rogersetal04,
	Author = {Timothy Rogers and Peter Garrard and J McClelland and M Ralph and S Bozeat and J Hodges and K Patterson},
	Journal = {Psychology Review},
	Pages = {205--235},
	Title = {Structure and deterioration of semantic memory: A neuropsychological and computational investigation},
	Volume = 111,
	Year = 2004}

@book{rogersmcclelland04,
	Address = {Cambridge, MA},
	Author = {Timothy Rogers and James McClelland},
	Publisher = {MIT Press},
	Title = {Semantic cognition: A parallel distributed processing approach},
	Year = 2004}

@article{roschetal76,
	Author = {Eleanor Rosch and Carolyn Mervis and W Gray and D Johnson and P Boyes-Braem},
	Journal = {Cognitive Psychology},
	Pages = {382--439},
	Title = {Basic objects in natural categories},
	Volume = 8,
	Year = 1976}

@article{royetal06,
	Author = {Dan Roy and Charles Kemp and Vikash Mansinghka and Josh Tenenbaum},
	Journal = {Advances in Neural Information Processing Systems},
	Title = {Learning annotated hierarchies from relational data},
	Volume = 19,
	Year = 2006}

@book{rumelhartmcclelland86,
	Address = {Cambridge, MA},
	Author = {David Rumelhart and James McClelland},
	Publisher = {MIT Press},
	Title = {Parallel distributed processing: Explorations in the microstructure of cognition},
	Volume = 1,
	Year = 1986}

@article{saffranetal96,
	Author = {Jenny Saffran and Richard Aslin and Elissa Newport},
	Journal = {Science},
	Pages = {1926--1928},
	Title = {Statistical learning by 8-month old infants},
	Volume = 274,
	Year = 1996}

@article{samuelsonsmith99,
	Author = {Larissa Samuelson and Linda Smith},
	Journal = {Cognition},
	Pages = {1--33},
	Title = {Early noun vocabularies: Do ontology, category organization, and syntax correspond?},
	Volume = {73},
	Year = {1999}}

@article{samuelsonsmith00,
	Author = {Larissa Samuelson and Linda Smith},
	Journal = {Child Development},
	Number = 6,
	Pages = {1555--1570},
	Title = {Children's attention to rigid and deformable shape in naming and non-naming tasks},
	Volume = 71,
	Year = 2000}

@article{samuelson00,
	Author = {Larissa Samuelson},
	Journal = {Proceedings of the 22nd Annual Conference of the Cognitive Science Society},
	Title = {Attentional biases in artificial noun learning tasks: generalization across the structure of already-learned nouns},
	Year = {2000}}

@article{samuelson02,
	Author = {Larissa Samuelson},
	Journal = {Developmental Psychology},
	Pages = {1016--1037},
	Title = {Statistical regularities in vocabulary guide language acquisition in connectionist models and 15-20 month olds},
	Volume = 38,
	Year = 2002}

@article{saxton97,
	Author = {Matthew Saxton},
	Journal = {Journal of Child Language},
	Pages = {139--161},
	Title = {The contrast theory of negative input},
	Volume = 24,
	Year = 1997}

@book{savage54,
	Address = {New York, NY},
	Author = {L.J. Savage},
	Publisher = {J. Wiley \& Sons},
	Title = {Foundations of statistics},
	Year = 1954}

@article{schmidtetal06,
	Author = {Lauren Schmidt and Charles Kemp and Josh Tenenbaum},
	Journal = {Proceedings of the 27th Annual Conference of the Cognitive Science Society},
	Title = {Nonsense and sensibility: Inferring unseen possibilities},
	Year = 2006}

@incollection{scholl05,
	Author = {Brian Scholl},
	Booktitle = {The innate mind: Structure and contents},
	Editor = {P Carruthers and S Laurence and S Stich},
	Pages = {34--52},
	Publisher = {Oxford University Press},
	Title = {Innateness and ({B}ayesian) visual perception: Reconciling nativism and development},
	Year = 2005}

@article{schutze95,
	Address = {Dublin, Ireland},
	Author = {Heinrich Sch{\"u}tze},
	Journal = {Proceedings of the 7th conference of the European Chapter of the Association for Computational Linguistics},
	Title = {Distributional part-of-speech tagging},
	Year = 1995}

@article{shaftoetal06,
	Author = {Patrick Shafto and Charles Kemp and Vikash Mansinghka and M Gordon and Josh Tenenbaum},
	Journal = {Proceedings of the 28th Annual Conference of the Cognitive Science Society},
	Title = {Learning cross-cutting systems of categories},
	Year = 2006}

@article{shinariely04,
	Author = {Jiwoong Shin and Dan Ariely},
	Journal = {Management Science},
	Number = 5,
	Pages = {575--586},
	Title = {Keeping doors open: The effect of unavailability on incentives to keep options viable},
	Volume = 50,
	Year = 2004}

@article{shipley93,
	Author = {Elizabeth Shipley},
	Journal = {Psychology of Learning and Motivation},
	Pages = {265--301},
	Title = {Categories, hierarchies and induction},
	Volume = 30,
	Year = 1993}

@article{siegler04,
	Author = {Robert Siegler},
	Journal = {Journal of Cognition and Development},
	Number = 1,
	Pages = {1--10},
	Title = {U-shaped interest in {U}-shaped development -- and what it means},
	Volume = 5,
	Year = 2004}

@book{sivia96,
	Address = {Oxford},
	Author = {D Sivia},
	Publisher = {Oxford University Press},
	Title = {Data analysis: A {B}ayesian tutorial},
	Year = 1996}

@book{skinner38,
	Author = {B.F. Skinner},
	Publisher = {I don't know},
	Title = {The behavior of organisms},
	Year = 1938}

@book{skinner74,
	Address = {New York},
	Author = {B.F. Skinner},
	Publisher = {Knopf},
	Title = {About behaviorism},
	Year = 1974}

@article{sloutskyrobinson08,
	Author = {Vladimir Sloutsky and Christopher Robinson},
	Journal = {Cognitive Science},
	Pages = {354--377},
	Title = {The role of words and sounds in infants' visual processing: From overshadowing to attentional tuning},
	Volume = 32,
	Year = 2008}

@article{smithetal02,
	Author = {Linda Smith and S Jones and Barbara Landau and L Gershkoff-Stowe and Larissa Samuelson},
	Journal = {Psychological Science},
	Number = 1,
	Pages = {13--19},
	Title = {Object name learning provides on-the-job training for attention},
	Volume = 13,
	Year = 2002}

@article{smithetal03,
	Author = {Linda Smith and S Jones and Hanako Yoshida and Eliana Colunga},
	Journal = {Cognition},
	Pages = {209--213},
	Title = {Whose {DAM} account? {A}ttentional learning explains {B}ooth and {W}axman},
	Volume = 87,
	Year = 2003}

@article{smith03,
	Author = {Linda Smith},
	Journal = {Psychological Science},
	Number = 3,
	Pages = {244--250},
	Title = {Learning to recognize objects},
	Volume = 14,
	Year = 2003}

@incollection{smith05,
	Addrss = {Oxford},
	Author = {Linda Smith},
	Booktitle = {Functional features in language and space},
	Editor = {L Carlson and E VanderZee},
	Pages = {235--255},
	Publisher = {Oxford University Press},
	Title = {Shape: A developmental product},
	Year = 2005}

@article{smithsamuelson05,
	Author = {Linda Smith and Larissa Samuelson},
	Journal = {Developmental Psychology},
	Number = 6,
	Pages = {1339--1343},
	Title = {An attentional learning account of the shape bias: Reply to {C}impian and {M}arkman (2005) and {B}ooth, {W}axman, and {H}uang (2005)},
	Volume = 42,
	Year = 2005}

@article{snedekertrueswell04,
	Author = {Jesse Snedeker and John Trueswell},
	Journal = {Cognitive Psychology},
	Pages = {238--299},
	Title = {The developing constraints on parsing decisions: The role of lexical-biases and referential scenes in child and adult sentence processing},
	Volume = 49,
	Year = 2004}

@article{sojaetal91,
	Author = {Nancy Soja and Susan Carey and Elizabeth Spelke},
	Journal = {Cognition},
	Pages = {179--211},
	Title = {Ontological categories guide young children's inductions of word meaning},
	Volume = 38,
	Year = 1991}

@techreport{solomonoff60,
	Address = {Cambridge, MA},
	Author = {Ray Solomonoff},
	Institution = {Zator Co.},
	Month = {November},
	Number = {ZTB-138},
	Title = {A preliminary report on a general theory of inductive inference},
	Year = 1960}

@article{solomonoff64,
	Author = {Ray Solomonoff},
	Journal = {Information and Control},
	Number = {1--22},
	Pages = {224-254},
	Title = {A formal theory of inductive inference, Parts 1 and 2},
	Volume = 7,
	Year = 1964}

@article{solomonoff78,
	Author = {Ray Solomonoff},
	Journal = {IEEE Transactions on Information Theory},
	Pages = {422--432},
	Title = {Complexity-based induction systems: Comparisons and convergence theorems},
	Volume = 24,
	Year = 1978}

@article{spelke90,
	Author = {Elizabeth Spelke},
	Journal = {Cognitive Science},
	Pages = {29--56},
	Title = {Principles of object perception},
	Volume = 14,
	Year = 1990}

@incollection{spelkeetal95,
	Address = {Oxford},
	Author = {Elizabeth Spelke and A Phillips and Amanda Woodward},
	Booktitle = {Causal cognition: A multidisciplinary debate},
	Pages = {44--78},
	Publisher = {Oxford University Press},
	Title = {Infants' knowledge of object motion and human action},
	Year = 1995}

@article{spelkekinzler07,
	Author = {Elizabeth Spelke and K Kinzler},
	Journal = {Developmental Science},
	Number = 1,
	Pages = {89--96},
	Title = {Core Knowledge},
	Volume = 10,
	Year = 2007}

@article{steyversetal03,
	Author = {M Steyvers and Josh Tenenbaum and E Wagenmakers and B Blum},
	Journal = {Cognitive Science},
	Pages = {453--489},
	Title = {Inferring causal networks from observations and interventions},
	Volume = 27,
	Year = 2003}

@article{steyversetal,
	Author = {Mark Steyvers and Michael Lee and E J Wagenmakers},
	Journal = {Journal of Mathematical Psychology},
	Title = {A {B}ayesian analysis of human decision-making on bandit problems},
	Year = {in press}}

@article{stinchcombewhite89,
	Author = {M Stinchcombe and H White},
	Journal = {Proceedings of the International Joint Conference on Neural Networks},
	Pages = {607--611},
	Title = {Universal approximation using feedforward networks with non-sigmoid hidden layer activation functions},
	Year = 1989}

@article{stolckeomohundro94,
	Author = {Andreas Stolcke and Stephen Omohundro},
	Journal = {Proceedings of the 2nd International Colloquium on Grammatical Inference},
	Title = {Introducing probabilistic grammars by {B}ayesian model merging},
	Year = 1994}

@article{tenenbaumgriffiths01,
	Author = {Josh Tenenbaum and Tom Griffiths},
	Journal = {Behavioral and Brain Sciences},
	Pages = {629--641},
	Title = {Generalization, similarity, and {B}ayesian inference},
	Volume = 24,
	Year = 2001}

@article{tenenbaumniyogi03,
	Author = {Josh Tenenbaum and Sourabh Niyogi},
	Journal = {Proceedings of the 25th Annual Conference of the Cognitive Science Society},
	Title = {Learning causal laws},
	Year = 2003}

@article{theakston04,
	Author = {Anna Theakston},
	Journal = {Cognitive Development},
	Pages = {15--34},
	Volume = 19,
	Year = 2004}

@article{tomasello00,
	Author = {Michael Tomasello},
	Journal = {Trends in Cognitive Sciences},
	Pages = {156--163},
	Title = {The item based nature of children's early syntactic development},
	Volume = 4,
	Year = 2000}

@article{tomasellostahl04,
	Author = {Michael Tomasello and Daniel Stahl},
	Journal = {Journal of Child Language},
	Pages = {101--121},
	Title = {Sampling children's spontaneous speech: How much is enough?},
	Volume = 31,
	Year = 2004}

@article{trueswelletal93,
	Author = {John Trueswell and Michael Tanenhaus and C Kello},
	Journal = {Journal of Experimental Psychology: Learning, Memory, and Cognition},
	Pages = {528--553},
	Title = {Verb-specific constraints in sentence processing: Separating effects of lexical preference from garden-paths},
	Volume = 19,
	Year = 1993}

@article{tverskykahneman74,
	Author = {Amos Tversky and Daniel Kahneman},
	Journal = {Science},
	Pages = {1124--1131},
	Title = {Judgment under uncertainty: Heuristics and biases},
	Volume = 135,
	Year = 1974}

@article{valiant84,
	Author = {Leslie Valiant},
	Journal = {ACM},
	Number = 11,
	Pages = {1134--1142},
	Title = {A theory of the learnable},
	Volume = 27,
	Year = 1984}

@article{vapnikchervonenkis71,
	Author = {V Vapnik and A Chervonenkis},
	Journal = {Theory of Probability and Its Applications},
	Pages = {264--280},
	Title = {On the uniform convergence of relative frequencies of events to their probabilities},
	Volume = 16,
	Year = 1971}

@article{vermarao06,
	Author = {D Verma and Rajesh Rao},
	Journal = {Advances in Neural Information Processing Systems},
	Title = {Goal-based imitation as probabilistic inference over graphical models},
	Volume = 18,
	Year = 2006}

@article{vitanyili00,
	Author = {Paul Vit{\`a}nyi and M Li},
	Journal = {IEEE Transactions on Information Theory},
	Number = 2,
	Pages = {446--464},
	Title = {Minimum description length induction, {B}ayesianism, and {K}olmogorov complexity},
	Volume = 46,
	Year = 2000}

@article{vandantzig57,
	Author = {{\lowercase{v}}an Dantzig, D.},
	Journal = {Statistica Neerlandica},
	Pages = {1--16},
	Title = {Statistical priesthood ({S}avage on personal probabilities)},
	Volume = 2,
	Year = 1957}

@article{wason60,
	Author = {Peter Wason},
	Journal = {The Quarterly Journal of Experimental Psychology},
	Number = 3,
	Pages = {129--140},
	Title = {On the failure to eliminate hypotheses in a conceptual task},
	Volume = 12,
	Year = 1960}

@article{waxmangelman86,
	Author = {S Waxman and Rochel Gelman},
	Journal = {Cognitive Development},
	Pages = {139--156},
	Title = {Preschoolers' use of superordinate relations in classification and language},
	Volume = 1,
	Year = 1986}

@incollection{waxman04,
	Address = {Cambridge, MA},
	Author = {Sandra Waxman},
	Booktitle = {From many strands: Weaving a lexicon},
	Editor = {D Hall and Sandra Waxman},
	Publisher = {MIT Press},
	Title = {Everything had a name, and each name gave birth to a new thought: Links between early word-learning and conceptual organization},
	Year = 2004}

@article{weckerlyelman92,
	Address = {Hillsdale, NJ},
	Author = {J Weckerly and Jeff Elman},
	Journal = {Proceedings of the 14th Annual Conference of the Cognitive Science Society},
	Pages = {139--156},
	Title = {A {PDP} approach to processing center-embedded sentences},
	Year = 1992}

@book{wexlerculicover80,
	Address = {Cambridge, MA},
	Author = {Ken Wexler and Peter Culicover},
	Publisher = {MIT Press},
	Title = {Formal principles of language acquisition},
	Year = 1980}

@article{wharton74,
	Author = {R Wharton},
	Journal = {Information and Control},
	Pages = {236--255},
	Title = {Approximate language identification},
	Volume = 26,
	Year = 1974}

@article{wonnacottetal08,
	Author = {E Wonnacott and E Newport and M Tanenhaus},
	Journal = {Cognitive Psychology},
	Pages = {165--209},
	Title = {Acquiring and Processing Verb Argument Structure: Distributional Learning in a Miniature Language},
	Volume = 56,
	Year = {2008}}

@manuscript{wonnacottinprep,
	Author = {E Wonnacott and Many Others},
	Title = {Insert title here},
	Year = {in prep}}

@article{woodward99,
	Author = {Amanda Woodward},
	Journal = {Infant Behavior and Development},
	Number = 2,
	Pages = {145--160},
	Title = {Infants' ability to distinguish between purposeful and non-purposeful behaviors},
	Volume = 22,
	Year = 1999}

@article{xu99,
	Author = {Fei Xu},
	Journal = {Acta Psychologica},
	Pages = {113--136},
	Title = {Object individuation and object identity in infancy: The role of spatiotemporal information, object property information, and language},
	Volume = 102,
	Year = 1999}

@article{xutenenbaum00,
	Author = {Josh Tenenbaum and Fei Xu},
	Journal = {Proceedings of the 22nd Annual Conference of the Cognitive Science Society},
	Title = {Word learning as {B}ayesian Inference},
	Year = 2000}

@article{xu02,
	Author = {Fei Xu},
	Journal = {Cognition},
	Pages = {223--250},
	Title = {The role of language in acquiring object kind concepts in infancy},
	Volume = {85},
	Year = {2002}}

@article{xuetal04,
	Author = {Fei Xu and Susan Carey and Nina Quint},
	Journal = {Cognitive Psychology},
	Pages = {155--190},
	Title = {The emergence of kind-based object individuation in infancy},
	Volume = 49,
	Year = 2004}

@article{xutenenbaum07,
	Author = {Fei Xu and Josh Tenenbaum},
	Journal = {Psychological Review},
	Note = {in press},
	Title = {Word learning as {B}ayesian inference},
	Year = 2007}

@article{yoshidasmith03,
	Author = {Hanako Yoshida and Linda Smith},
	Journal = {Developmental Science},
	Number = 1,
	Pages = {1--34},
	Title = {Shifting ontological boundaries: how Japanese- and English-speaking children generalize names for animals and artifacts},
	Volume = 6,
	Year = 2003}

@article{yoshidasmith05,
	Author = {Hanako Yoshida and Linda Smith},
	Journal = {Psychological Science},
	Number = 2,
	Pages = {90--95},
	Title = {Linguistic cues enhance the learning of perceptual cues},
	Volume = 16,
	Year = 2005}

@article{yuillekersten06,
	Author = {Alan Yuille and Daniel Kersten},
	Journal = {Trends in Cognitive Sciences},
	Number = 7,
	Title = {Vision as {B}ayesian Inference: Analysis by Synthesis?},
	Volume = 10,
	Year = 2006}

@article{zemeletal05,
	Author = {R Zemel and Q Huys and R Natarajan and P Dayan},
	Journal = {Advances in Neural Information Processing Systems},
	Title = {Probabilistic computation in spiking populations},
	Volume = 17,
	Year = 2005}

@book{zipf32,
	Author = {G Zipf},
	Publisher = {Harvard University Press},
	Title = {Selective studies and the principle of relative frequency in language},
	Year = 1932}
