@incollection{
abdbarluo84,
   Author = {Abdi, H. and Barthelemy, J. P. and Luong, X.},
   Title = {Tree representations of associative structures in semantic and episodic memory research},
   BookTitle = {Trends in Mathematical Psychology},
   Editor = {E., DeGreef and van Buggenhaut, J.},
   Publisher = {North-Holland},
   Address = {Amsterdam},
   Pages = {3-31},
      Year = {1984} }



@incollection{
aka73,
   Author = {Akaike, H.},
   Title = {Information theory and an extension of the maximum likelihood principle},
   BookTitle = {Second International Symposium on Information Theory},
   Editor = {Petrov, B. N. and Csaki, F.},
   Publisher = {Akademiai Kiado},
   Address = {Budapest},
      Year = {1973} }



@article{
aka74,
   Author = {Akaike, H.},
   Title = {A new look at the statistical model identification},
   Journal = {IEEE Transactions on Automatic Control},
   Volume = {19},
   Number = {6},
   Pages = {716-723},
      Year = {1974} }



@incollection{
aka77,
   Author = {Akaike, H.},
   Title = {On entropy maximization principle},
   BookTitle = {Applications of Statistics},
   Editor = {Krishnaiah, P. R.},
   Publisher = {North-Holland},
   Address = {Amsterdam},
   Pages = {27-41},
      Year = {1977} }



@article{
aka83,
   Author = {Akaike, H.},
   Title = {Information measures and model selection},
   Journal = {Bulletin of the International Statistical Institute},
   Volume = {50},
   Pages = {277-290},
      Year = {1983} }



@article{
aracar80,
   Author = {Arabie, P. and Carroll, J. D.},
   Title = {MAPCLUS: A mathematical programming approach to fitting the ADCLUS model},
   Journal = {Psychometrika},
   Volume = {45},
   Number = {2},
   Pages = {211-235},
   Keywords = {similarity
additive clustering},
   Year = {1980} }



@article{
ara93,
   Author = {Arabie, P.},
   Title = {Methodology neither new nor improved},
   Journal = {Contemporary Psychology},
   Volume = {38},
   Number = {1},
   Pages = {66-67},
   Note = {Replies in Contemporary Psychology, 39, 101-102},
      Year = {1993} }



@article{
ara94,
   Author = {Arabie, P.},
   Title = {Pathfinding in quicksand},
   Journal = {Contemporary Psychology},
   Volume = {39},
   Number = {1},
   Pages = {101},
      Year = {1994} }



@book{
arm88,
   Author = {Armstrong, M. A.},
   Title = {Groups and Symmetry},
   Publisher = {Springer-Verlag},
   Address = {New York, NY},
   Keywords = {mathematics
group theory
symmetry},
   Year = {1988} }



@article{
asc84,
   Author = {Ascher, E.},
   Title = {The case of Piaget's group INRC},
   Journal = {Journal of Mathematical Psychology},
   Volume = {28},
   Pages = {282-316},
      Year = {1984} }



@article{
ashlee91,
   Author = {Ashby, F. G. and Lee, W. W.},
   Title = {Predicting similarity and categorization from identification},
   Journal = {Journal of Experimental Psychology: General},
   Volume = {120},
   Number = {2},
   Pages = {150-172},
   Keywords = {similarity
categorisation
identification},
   Year = {1991} }



@article{
ashmadlee94,
   Author = {Ashby, F. G. and Maddox, W. T. and Lee, W. W.},
   Title = {On the dangers of averaging across subjects when using multidimensional scaling or the similarity-choice model},
   Journal = {Psychological Science},
   Volume = {5},
   Number = {3},
   Pages = {144-151},
   Keywords = {similarity
multidimensional scaling},
   Year = {1994} }



@article{
att50,
   Author = {Attneave, F.},
   Title = {Dimensions of similarity},
   Journal = {American Journal of Psychology},
   Volume = {63},
   Pages = {546-554},
      Year = {1950} }



@article{
bal97,
   Author = {Balasubramanian, V.},
   Title = {Statistical inference, Occam's razor, and statistical mechanics on the space of probability distributions},
   Journal = {Neural computation},
   Volume = {9},
   Pages = {349-368},
      Year = {1997} }



@article{
bal99,
   Author = {Balasubramanian, V.},
   Title = {A geometric formulation of Occam's razor for inference of parametric distributions},
   Journal = {Unpublished manuscript},
      Year = {1999} }



@techreport{
bal94,
   Author = {Baluja, S.},
   Title = {Population-Based Incremental Learning: A Method for Integrating Genetic Search Based Function Optimization and Competetive Learning},
   Institution = {Carnegie-Mellon University},
   Number = {CMU-CS-94-163},
      Year = {1994} }



@article{
baldav98,
   Author = {Baluja, S. and Davies, S.},
   Title = {Fast probabilistic modeling for combinatorial optimization},
   Journal = {AAAI Proceedings},
   Volume = {?},
   Pages = {?},
      Year = {1998} }



@article{
bamvan00,
   Author = {Bamber, D. and van Santen, J. P. H.},
   Title = {How to assess  a model's testability and identifiability},
   Journal = {Journal of Mathematical Psychology},
   Volume = {44},
   Pages = {20-40},
      Year = {2000} }



@incollection{
bar89,
   Author = {Barsalou, L. W.},
   Title = {Intraconcept similarity and its implications for interconcept similarity},
   BookTitle = {Similarity and Analogical Reasoning},
   Editor = {Vosniadou, S. and Ortony, A.},
   Publisher = {Cambridge University Press},
   Address = {Cambridge},
   Pages = {76-121},
      Year = {1989} }



@article{
bar99,
   Author = {Barsalou, L. W.},
   Title = {Perceptual symbol systems},
   Journal = {Behavioural and Brain Sciences},
   Volume = {22},
   Pages = {577-660},
      Year = {1999} }



@book{
bargue91,
   Author = {Barthelemy, J. P. and Guenoche, A},
   Title = {Tree Models of Proximity},
   Publisher = {Wiley},
   Address = {New York},
      Year = {1991} }



@article{
bayes1763,
   Author = {Bayes, T.},
   Title = {An essay towards solving a problem in the doctrine of chances},
   Journal = {Philosophical Transactions of the Royal Society of London},
   Volume = {53},
   Pages = {370-419},
      Year = {1763} }



@article{
beakratve68,
   Author = {Beals, R. and Krantz, D. H. and Tversky, A.},
   Title = {Foundations of multidimensional scaling},
   Journal = {Psychological Review},
   Volume = {75},
   Pages = {127-142},
      Year = {1968} }



@article{
bee00,
   Author = {Beer, R. D.},
   Title = {Dynamical approaches to cognitive science},
   Journal = {Trends in Cognitive Sciences},
   Volume = {4},
   Pages = {91-99},
      Year = {2000} }



@book{
bel70,
   Author = {Bellman, R.},
   Title = {Introduction to Matrix Analysis},
   Publisher = {McGraw-Hill},
   Address = {New York},
   Edition = {2nd},
      Year = {1970} }



@article{
ben94,
   Author = {Benton, A. L.},
   Title = {Neuropsychological assessment},
   Journal = {Annual Review of Psychology},
   Volume = {45},
   Pages = {1-23},
      Year = {1994} }



@incollection{
bertodbly97,
   Author = {Berretty, P. M. and Todd, P. M. and Blythe, P. W.},
   Title = {Categorization by elimination: A fast and frugal approach to categorization},
   BookTitle = {Proceedings of the Nineteenth Annual Conference of the Cognitive Science Society},
   Editor = {Shafto, M. G. and Langley, P.},
   Publisher = {Lawrence Erlbaum},
   Address = {Mahwah, NJ},
   Pages = {43-48},
      Year = {1997} }



@incollection{
bertodmar99,
   Author = {Berretty, P. M. and Todd, P. M. and Martignon, L.},
   Title = {Categorization by elimination: Using few cues to choose},
   BookTitle = {Simple Heuristics That Make Us Smart},
   Editor = {Gigerenzer, G. and Todd, P. M.},
   Publisher = {Oxford University Press},
   Address = {Oxford},
   Pages = {235-254},
      Year = {1999} }



@article{
bolrei73,
   Author = {Boll, T. J. and Reitan, R. M.},
   Title = {Effect of age on performance on the Trail Making Test},
   Journal = {Perceptual and Motor Skills},
   Volume = {36},
   Pages = {691-694},
      Year = {1973} }



@book{
borlin87,
   Author = {Borg, I. and Lingoes, J.},
   Title = {Multidimensional Similarity Structure Analysis},
   Publisher = {Springer-Verlag},
   Address = {New York},
      Year = {1987} }



@article{
bos88,
   Author = {Boster, J. S.},
   Title = {Natural sources of internal category structure: Typicality, familiarity, and similarity of birds},
   Journal = {Memory and Cognition},
   Volume = {16},
   Number = {3},
   Pages = {258-270},
      Year = {1988} }



@article{
boymoo98,
   Author = {Boyan, J. A. and Moore, A. W.},
   Title = {Learning evaluation functions for global optimization and Boolean satisfiability},
   Journal = {American Association for Artificial Intelligence?},
   Volume = {?},
   Pages = {?},
   Keywords = {mathematics
optimisation},
   Year = {1998} }



@article{
boz90,
   Author = {Bozdogan, H.},
   Title = {On the information-based measure of covariance complexity and its application to the evaluation of multivariate linear models},
   Journal = {Communications in Statistics: Theory and Methods},
   Volume = {19},
   Number = {1},
   Pages = {221-278},
      Year = {1990} }



@article{
boz00,
   Author = {Bozdogan, H.},
   Title = {Akaike's information criterion and recent developments in information theory},
   Journal = {Journal of Mathematical Psychology},
   Volume = {44},
   Pages = {62-91},
      Year = {2000} }



@article{
brabut86,
   Author = {Brandt, J. and Butters, N.},
   Title = {The neuropsychology of Huntington's disease},
   Journal = {Trends in Neuroscience},
   Volume = {9},
   Pages = {118-120},
      Year = {1986} }



@incollection{
bre89,
   Author = {Brewer, W. F.},
   Title = {The activation and acquisition of knowledge},
   BookTitle = {Similarity and Analogical Reasoning},
   Editor = {Vosniadou, S. and Ortony, A.},
   Publisher = {Cambridge University Press},
   Address = {Cambridge},
   Pages = {532--545},
      Year = {1989} }



@article{
bro91,
   Author = {Brooks, R. A.},
   Title = {Intelligence without representation},
   Journal = {Artificial Intelligence},
   Volume = {47},
   Pages = {139-159},
      Year = {1991} }



@book{
bro99,
   Author = {Brooks, R. A.},
   Title = {Cambrian Intelligence},
   Publisher = {MIT Press},
   Address = {Cambridge},
      Year = {1999} }



@article{
brocasfisneu58,
   Author = {Brown, E. C. and Casey, A. and Fisch, R. I. and Neuringer, C.},
   Title = {Trail Making Test as a screening device for the detection of brain damage},
   Journal = {Journal of Consulting Psychology},
   Volume = {22},
   Pages = {469-474},
      Year = {1958} }



@article{
bro00,
   Author = {Browne, M. W.},
   Title = {Cross-validation methods},
   Journal = {Journal of Mathematical Psychology},
   Volume = {44},
   Pages = {108-132},
      Year = {2000} }



@article{
bru43,
   Author = {Brunswik, E.},
   Title = {Organismic achievement and environmental probability},
   Journal = {Psychological Review},
   Volume = {50},
   Number = {3},
   Pages = {255-272},
      Year = {1943} }



@book{
buchar90,
   Author = {Buckley, F. and Harary, F.},
   Title = {Distance in Graphs},
   Publisher = {Addison-Wesley},
   Address = {Redwood City, CA},
      Year = {1990} }



@incollection{
bun71,
   Author = {Buneman, P.},
   Title = {The recovery of trees from measures of dissimilarity},
   BookTitle = {Mathematics in the Archaelogical and Historical Sciences},
   Editor = {Hodson, F. R. and Kendall, D. G. and Tautu, P.},
   Publisher = {Edinburgh University Press},
   Address = {Edinburgh, UK},
   Pages = {387-395},
      Year = {1971} }



@article{
busmos51,
   Author = {Bush, R. R. and Mosteller, F.},
   Title = {A model for stimulus generalization and discrimination},
   Journal = {Psychological Review},
   Volume = {58},
   Pages = {413-423},
      Year = {1951} }



@book{
but96,
   Author = {Butavicius, M.},
   Title = {The perception of optimal path structure in random arrays: A connectionist approach to the Travelling Salesman Problem and related tasks},
   Address = {Unpublished honours thesis, University of Adelaide, Adelaide, South Australia, Australia},
      Year = {1996} }



@article{
butretvan91,
   Author = {Butler, M. and Retzlaff, P. and Vanderploeg, R.},
   Title = {Neuropsychological test usage},
   Journal = {Professional Psychology: Research and Practice},
   Volume = {22},
   Number = {6},
   Pages = {510-512},
      Year = {1991} }



@book{
cal96,
   Author = {Calvin, W. H.},
   Title = {How Brains Think: Evolving Intelligence,Then and Now},
   Publisher = {Wiedenfeld and Nicolson},
   Address = {London},
      Year = {1996} }



@article{
carshe90,
   Author = {Carlton, E. H. and Shepard, R. N.},
   Title = {Psychologically simple motions as geodesic paths: I. Asymmetric objects},
   Journal = {Journal of Mathematical Psychology},
   Volume = {34},
   Pages = {127-188},
   Keywords = {perception
topology
apparent motion
group theory
transformation
representation},
   Year = {1990} }



@article{
carshe90b,
   Author = {Carlton, E. H. and Shepard, R. N.},
   Title = {Psychologically simple motions as geodesic paths: II. Symmetric objects},
   Journal = {Journal of Mathematical Psychology},
   Volume = {34},
   Pages = {189-228},
   Keywords = {perception
topology
apparent motion
group theory
transformation
representation},
   Year = {1990} }



@article{
carcha70,
   Author = {Carroll, J. D. and Chang, J. J.},
   Title = {Analysis of individual differences in multidimensional scaling via an n-way generalization of ``Eckart-Young'' decomposition.},
   Journal = {Psychometrika},
   Volume = {35},
   Pages = {283-319},
      Year = {1970} }



@inproceedings{
carpru75,
   Author = {Carroll, J. D. and Pruzansky, S.},
   Title = {Fitting of hierarchical tree structure (HTS) models, mixtures of HTS models, and hybrid models, via mathematical programming and alternating least squares},
   BookTitle = {U.S.-Japan seminar in theory, methods, and applications of multidimensional scaling and related techniques},
   Address= {San Diego, CA},
      Year = {1975} }



@article{
car76,
   Author = {Carroll, J. D.},
   Title = {Spatial, non-spatial and hybrid models for scaling},
   Journal = {Psychometrika},
   Volume = {41},
   Number = {4},
   Pages = {439-463},
      Year = {1976} }



@incollection{
carpru80,
   Author = {Carroll, J. D. and Pruzansky, S.},
   Title = {Discrete and hybrid scaling models},
   BookTitle = {Similarity and Choice},
   Editor = {Lantermann, E. D. and Feger, H.},
   Publisher = {Hans Huber},
   Address = {Bern},
   Pages = {108-139},
      Year = {1980} }



@article{
carara80,
   Author = {Carroll, J. D. and Arabie, P.},
   Title = {Multidimensional scaling},
   Journal = {Annual Review of Psychology},
   Volume = {31},
   Pages = {607-649},
      Year = {1980} }



@incollection{
cardes88,
   Author = {Carroll, J. D. and deSarbo, W. S.},
   Title = {Stochastic tree unfolding (STUN) models: Theory and application},
   BookTitle = {Classification and Related Methods of Data Analysis},
   Editor = {Bock, H. H},
   Publisher = {Elsevier},
   Address = {Amsterdam},
   Pages = {421-430},
      Year = {1988} }



@article{
carcor95,
   Author = {Carroll, J. D. and Corter, J. E.},
   Title = {A graph-theoretic method for organizing overlapping clusters into trees, multiple trees, or extended trees},
   Journal = {Journal of Classification},
   Volume = {12},
   Pages = {283-313},
      Year = {1995} }



@techreport{
chafrehof91,
   Author = {Chalmers, D. J. and French, R. M. and Hofstadter, D. R.},
   Title = {High-level perception, representation, and analogy: A critique of artificial intelligence methods},
   Institution = {Center for Research on Concepts and Cognition, Indiana University},
   Number = {49},
   Type = {Technical Report},
      Year = {1991} }



@article{
chadeh89,
   Author = {Changeux, J. -P. and Dehaene, S.},
   Title = {Neuronal models of cognitive functions},
   Journal = {Cognition},
   Volume = {33},
   Pages = {63-109},
      Year = {1989} }



@article{
chaadkalesea87,
   Author = {Charter, R. A. and Adkins, T. G. and Alekoumbides, A. and Seacat, G. F.},
   Title = {Reliability of the WAIS, WMS and Reitan battery: Stability, validity and parallel forms for two neuropsychological measures of recovery},
   Journal = {International Journal of Clinical Neuropsychology},
   Volume = {9},
   Pages = {28-32},
      Year = {1987} }



@book{
cha77,
   Author = {Chartrand, G.},
   Title = {Graphs as Mathematical Models},
   Publisher = {Prindle, Weber and Schmidt},
   Address = {Boston, MA},
      Year = {1977} }



@article{
che01,
   Author = {Chemero, A.},
   Title = {Dynamical explanation and mental representations},
   Journal = {Trends in Cognitive Sciences},
   Volume = {5},
   Pages = {141-142},
      Year = {2001} }



@article{
cheche99,
   Author = {Chen, K. C. and Chen, M.},
   Title = {A mental space similarity group model of shape constancy},
   Journal = {Journal of Mathematical Psychology},
   Volume = {43},
   Pages = {410-432},
      Year = {1999} }



@article{
che73,
   Author = {Chernoff, H.},
   Title = {Using faces to represent points in k-dimensional space},
   Journal = {Journal of the American Statistical Association},
   Volume = {68},
   Pages = {361-368},
      Year = {1973} }



@article{
cheriz75,
   Author = {Chernoff, H. and Rizvi, M.},
   Title = {Effect on classification error of random permutations of features in representing multivariate data by faces},
   Journal = {Journal of the American Statistical Association},
   Volume = {70},
   Pages = {548-554},
      Year = {1975} }



@article{
chomcdbus93,
   Author = {Choi, S. and McDaniel, M. A. and Busemeyer, J. R.},
   Title = {Incorporation prior biases in network models of conceptual rule learning},
   Journal = {Memory and Cognition},
   Volume = {21},
   Number = {4},
   Pages = {413-423},
      Year = {1993} }



@book{
chr75,
   Author = {Christofides, N.},
   Title = {Graph Theory: An Algorithmic Approach},
   Publisher = {Academic Press},
   Address = {London},
      Year = {1975} }



@article{
chu86,
   Author = {Chubb, C.},
   Title = {Collapsing binary data for algebraic multidimensional representation},
   Journal = {Journal of Mathematical Psychology},
   Volume = {30},
   Pages = {161-187},
      Year = {1986} }



@book{
chu89,
   Author = {Churchland, P. M.},
   Title = {A Neurocomputational Perspective},
   Publisher = {MIT Press},
   Address = {Cambridge, MA},
   Keywords = {connectionism},
   Year = {1989} }



@book{
cla97,
   Author = {Clancy, W. J.},
   Title = {Situated Cognition: On Human Knowledge and Computer 
Representations},
   Publisher = {Cambridge University Press},
   Address = {Cambridge},
      Year = {1997} }



@article{
clocot96,
   Author = {Clouse, D. S. and Cottrell, G. W.},
   Title = {Discrete multi-dimensional scaling},
   Journal = {Proceedings of the 18th Annual Conference of the Cognitive Science Society},
   Pages = {290-294},
      Year = {1996} }



@article{
col85,
   Author = {Collyer, C. E.},
   Title = {Comparing strong and weak models by fitting them to computer-generated data},
   Journal = {Perception and Psychophysics},
   Volume = {38},
   Number = {5},
   Pages = {476-481},
      Year = {1985} }



@article{
coodursch86,
   Author = {Cooke, N. M. and Durso, F. T. and Schvaneveldt, R. W.},
   Title = {Recall and measures of memory organization},
   Journal = {Journal of Experimental Psychology: Learning, Memory and Cognition},
   Volume = {12},
   Number = {4},
   Pages = {538-549},
      Year = {1986} }



@article{
corhin87,
   Author = {Corrigan, J. D. and Hinkeldey, N. S.},
   Title = {Relationship between Parts A and B of the Trail Making Test},
   Journal = {Journal of Clinical Psychology},
   Volume = {43},
   Pages = {402-409},
      Year = {1987} }



@article{
cor82,
   Author = {Corter, J. E.},
   Title = {ADDTREE/P: A PASCAL program for fitting additive trees based on Sattath and Tversky's ADDTREE algorithm},
   Journal = {Behavior Research Methods and Instrumentation},
   Volume = {14},
   Pages = {353-354},
      Year = {1982} }



@article{
cortve86,
   Author = {Corter, J. and Tversky, A.},
   Title = {Extended similarity trees},
   Journal = {Psychometrika},
   Volume = {51},
   Pages = {429-451},
      Year = {1986} }



@book{
cor96,
   Author = {Corter, J. E.},
   Title = {Tree Models of Similarity and Association},
   Publisher = {Sage},
   Address = {Thousand Oaks, CA},
      Year = {1996} }



@article{
cor96b,
   Author = {Corter, J. E.},
   Title = {A new combinatoric algorithm for fitting additive trees to proximity data},
   Journal = {Unpublished manuscript},
      Year = {1996} }



@article{
coxcox91,
   Author = {Cox, T. F. and Cox, M. A. A.},
   Title = {Multidimensional scaling on a sphere},
   Journal = {Communications in Statistics: Theory and Methods},
   Volume = {20},
   Number = {9},
   Pages = {2943-2953},
   Keywords = {similarity
multidimensional scaling},
   Year = {1991} }



@book{
coxcox94,
   Author = {Cox, T. F. and Cox, M. A. A.},
   Title = {Multidimensional Scaling},
   Publisher = {Chapman and Hall},
   Address = {London},
   Keywords = {similarity
multidimensional scaling},
   Year = {1994} }



@article{
craste63,
   Author = {Craddick, R. A. and Stern, M. R.},
   Title = {Practice effects on the Trail Making Test},
   Journal = {Perceptual and Motor Skills},
   Volume = {17},
   Pages = {651-653},
      Year = {1963} }



@article{
cun78,
   Author = {Cunningham, J. P.},
   Title = {Free trees and bidirectional trees as representations of psychological distance},
   Journal = {Journal of Mathematical Psychology},
   Volume = {17},
   Pages = {165-188},
      Year = {1978} }



@incollection{
cus90,
   Author = {Cussins, A.},
   Title = {The connectionist construction of concepts},
   BookTitle = {The Philosophy of Artificial Intelligence},
   Editor = {Boden, M. A.},
   Publisher = {Oxford University Press},
   Address = {Oxford},
   Pages = {368-441},
   Keywords = {connectionism
concepts
categorisation},
   Year = {1990} }



@article{
cutgar87,
   Author = {Cutting, J. E. and Garvin, J. J.},
   Title = {Fractal curves and complexity},
   Journal = {Perception and psychophysics},
   Volume = {42},
   Number = {4},
   Pages = {365-370},
      Year = {1987} }



@article{
cut00,
   Author = {Cutting, J. E.},
   Title = {Accuracy, scope, and flexibility of models},
   Journal = {Journal of Mathematical Psychology},
   Volume = {44},
   Pages = {3-19},
      Year = {2000} }



@incollection{
czegiggol99,
   Author = {Czerlinski, J. and Gigerenzer, G. and Goldstein, D. G.},
   Title = {How good are simple heuristics?},
   BookTitle = {Simple Heuristics That Make Us Smart},
   Editor = {Gigerenzer, G. and Todd, P. M.},
   Publisher = {Oxford University Press},
   Address = {Oxford},
   Pages = {97-118},
      Year = {1999} }



@article{
dan78,
   Author = {D'Andrade, R.},
   Title = {U-statistic hierarchical clustering},
   Journal = {Psychometrika},
   Volume = {4},
   Pages = {58-67},
      Year = {1978} }



@article{
damhar97,
   Author = {Damper, R. I. and Harnad, S.},
   Title = {The psychophysics of synthetic categorical perception},
   Journal = {Unpublished manuscript},
      Year = {1997} }



@book{
dav83,
   Author = {Davison, M. L.},
   Title = {Multidimensional Scaling},
   Publisher = {Wiley},
   Address = {New York},
      Year = {1983} }



@book{
deb58,
   Author = {de Bruijn, N. G.},
   Title = {Asymptotic Methods in Analysis},
   Publisher = {North-Holland},
   Address = {Amsterdam},
      Year = {1958} }



@article{
des83,
   Author = {de Soete, G.},
   Title = {A least squares algorithm for fitting additive trees to proximity data},
   Journal = {Psychometrika},
   Volume = {48},
   Pages = {621-626},
      Year = {1983} }



@article{
descar83,
   Author = {de Soete, G. and Carroll, J. D.},
   Title = {A maximum likelihood method for fitting the wandering vector model},
   Journal = {Psychometrika},
   Volume = {48},
   Number = {4},
   Pages = {553-566},
      Year = {1983} }



@incollection{
des88,
   Author = {de Soete, G.},
   Title = {Tree representations of proximity data by least squares methods},
   BookTitle = {Classification and Related Methods of Data Analysis},
   Editor = {Bock, H. H},
   Publisher = {Elsevier},
   Address = {Amsterdam},
   Pages = {147-156},
      Year = {1988} }



@article{
demher97,
   Author = {Demartines, P. and Herault, J.},
   Title = {Curvilinear component analysis: A self-organizing neural network for nonlinear mapping of data sets},
   Journal = {IEEE Transactions on Neural Networks},
   Volume = {8},
   Number = {1},
   Pages = {148-154},
   Keywords = {connectionism},
   Year = {1997} }



@article{
der71,
   Author = {Deregowski, J. B.},
   Title = {Symmetry, gestalt and information theory},
   Journal = {Quarterly Journal of Experimental Psychology},
   Volume = {23},
   Pages = {381-385},
      Year = {1971} }



@article{
deskav87,
   Author = {desRosiers, G. and Kavanagh, D.},
   Title = {Cognitive assessment in closed head injury: Stability, validity and parallel forms for two neuropsychological measures of recovery},
   Journal = {International Journal of Clinical Neuropsychology},
   Volume = {9},
   Pages = {162-173},
      Year = {1987} }



@article{
dij59,
   Author = {Dijkstra, E. W.},
   Title = {A note on two problems in connexion with graphs},
   Journal = {Numerische Mathematik},
   Volume = {1},
   Pages = {269-271},
      Year = {1959} }



@article{
dod83,
   Author = {Dodwell, P. C.},
   Title = {The Lie transformation group model of visual perception},
   Journal = {Perception and Psychophysics},
   Volume = {34},
   Number = {1},
   Pages = {1-16},
   Keywords = {group theory
Lie
perception
transformation},
   Year = {1983} }



@incollection{
dod84,
   Author = {Dodwell, P. C.},
   Title = {Local and global factors in figural synthesis},
   BookTitle = {Figural Synthesis},
   Editor = {Dodwell, P. C. and Caelli, T.},
   Publisher = {Lawrence Erlbaum},
   Address = {Hillsdale, NJ},
   Pages = {219-248},
   Keywords = {perception
transformation},
   Year = {1984} }



@article{
durwil87,
   Author = {Durbin, R. and Willshaw, D.},
   Title = {An analogue approach to the travelling salesman problem using an elastic net method},
   Journal = {Nature},
   Volume = {326},
   Pages = {689-691},
   Keywords = {travelling salesman problem
optimisation},
   Year = {1987} }



@article{
durszeyui89,
   Author = {Durbin, R. and Szeliski, R. and Yuille, A.},
   Title = {An analysis of the elastic net approach to the Travelling Salesman Problem},
   Journal = {Neural Computation},
   Volume = {1},
   Pages = {348-358},
   Keywords = {travelling salesman problem
optimisation},
   Year = {1989} }



@article{
durreaday94,
   Author = {Durso, F. T. and Rea, C. B. and Dayton, T.},
   Title = {Graph-theoretic confirmation of restructuring during insight},
   Journal = {Psychological Science},
   Volume = {5},
   Number = {2},
   Pages = {94-98},
      Year = {1994} }



@article{
dye79,
   Author = {Dye, O.},
   Title = {Effects of practice on Trail Making performance},
   Journal = {Perceptual and Motor Skills},
   Volume = {48},
   Pages = {269},
      Year = {1979} }



@article{
ede98,
   Author = {Edelman, S.},
   Title = {Representation is repreresentation of similarities},
   Journal = {Behavioral and Brain Sciences},
   Volume = {21},
   Number = {4},
   Pages = {449-498},
      Year = {1998} }



@article{
edgroe95,
   Author = {Edgell, S. E. and Roe, R. M.},
   Title = {Dimensional information facilitates the utilization of configural information: A test of the Castellan-Edgell and the Gluck-Bower models},
   Journal = {Journal of Experimental Psychology: Learning, Memory and Cognition},
   Volume = {21},
   Number = {6},
   Pages = {1495-1508},
      Year = {1995} }



@article{
ehrheicoh82,
   Author = {Ehrenstein, W. H. and Heister, G. and Cohen, R.},
   Title = {Trail Making Test and visual search},
   Journal = {Arch Psychiatr  Nervenkr},
   Volume = {231},
   Pages = {333-338},
      Year = {1982} }



@article{
eisekm59,
   Author = {Eisler, H. and Ekman, G.},
   Title = {A mechanism of subjective similarity},
   Journal = {Acta Psychologica},
   Volume = {16},
   Pages = {1-10},
      Year = {1959} }



@article{
ekm54,
   Author = {Ekman, G.},
   Title = {Dimensions of color vision},
   Journal = {The Journal of Psychology},
   Volume = {38},
   Pages = {467-474},
      Year = {1954} }



@article{
elitha01,
   Author = {Eliasmith, C. and Thagard, P.},
   Title = {Integrating structure and meaning: A distributed model of analogical mapping},
   Journal = {Cognitive Science},
   Volume = {25},
   Pages = {245-286},
      Year = {2001} }



@incollection{
elm95,
   Author = {Elman, J. L.},
   Title = {Language as a dynamical system},
   BookTitle = {Mind as Motion: Explorations in the Dynamics of Cognition},
   Editor = {Port, R. F. and Van Gelder, T.},
   Publisher = {Bradford},
   Address = {Cambridge, MA},
   Pages = {195-225},
      Year = {1995} }



@article{
estcamhathur89,
   Author = {Estes, W. K. and Campbell, J. A. and Hatsopoulos, N. and Hurwitz, J. B.},
   Title = {Base-rate effects in category learning: A comparison of parallel network and memory storage-retrieval models},
   Journal = {Journal of Experimental Psychology: Learning, Memory and Cognition},
   Volume = {15},
   Number = {4},
   Pages = {556-571},
      Year = {1989} }



@article{
evebor88,
   Author = {Everett, M. G. and Borgatti, S.},
   Title = {Calculating role similarities: An algorithm that helps determine the orbits of a graph},
   Journal = {Social Networks},
   Volume = {10},
   Pages = {77-91},
      Year = {1988} }



@article{
falforgen89,
   Author = {Falkenhainer, B. and Forbus, K. D. and Gentner, D.},
   Title = {The structure mapping engine: Algorithm and examples},
   Journal = {Artificial Intelligence},
   Volume = {41},
   Pages = {1-63},
      Year = {1989} }



@article{
fegbie82,
   Author = {Feger, H. and Bien, W.},
   Title = {Network unfolding},
   Journal = {Social Networks},
   Volume = {4},
   Pages = {257-283},
      Year = {1982} }



@article{
fel97,
   Author = {Feldman, J.},
   Title = {The structure of perceptual categories},
   Journal = {Journal of Mathematical Psychology},
   Volume = {41},
   Pages = {145-170},
   Keywords = {perception
categorisation
group theory
transformation
topology},
   Year = {1997} }



@article{
felric98,
   Author = {Feldman, J. and Richards, W.},
   Title = {Mapping the mental space of rectangles},
   Journal = {Perception},
   Volume = {27},
   Pages = {1191-1202},
   Keywords = {trajectory mapping
transformation},
   Year = {1998} }



@article{
fel00,
   Author = {Feldman, J.},
   Title = {Bias toward regular form in mental shape spaces},
   Journal = {Journal of Experimental Psychology: Human Perception and Performance},
   Volume = {26},
   Number = {1},
   Pages = {152-165},
      Year = {2000} }



@article{
ferbat83,
   Author = {Ferligoj, A. and Batagelj, V.},
   Title = {Some types of clustering with relational constraints},
   Journal = {Psychometrika},
   Volume = {48},
   Number = {4},
   Pages = {541-552},
      Year = {1983} }



@article{
fermil00,
   Author = {Ferster, D. and Miller, K. D.},
   Title = {Neural mechanisms of orientation selectivity in the visual cortex},
   Journal = {Annual Reviews of Neuroscience},
   Volume = {23},
      Year = {2000} }



@article{
fin91,
   Author = {Findley, D.},
   Title = {Counterexamples to parsimony and BIC},
   Journal = {Annals of the Institute of Statistical Mathematics},
   Volume = {43},
   Number = {3},
   Pages = {505-514},
      Year = {1991} }



@book{
fis56,
   Author = {Fisher, R. A.},
   Title = {Statistical Methods and Scientific Inference},
   Publisher = {Macmillan},
   Address = {New York},
      Year = {1956} }



@article{
flo62,
   Author = {Floyd, R. W.},
   Title = {Algorithm 97 - shortest path},
   Journal = {Communications of the ACM},
   Volume = {5},
   Pages = {345},
      Year = {1962} }



@book{
fod83,
   Author = {Fodor, J. A.},
   Title = {The Modularity of Mind: An Essay on Faculty Psychology},
   Publisher = {MIT Press},
   Address = {Cambridge, MA},
      Year = {1983} }



@article{
fodpyl88,
   Author = {Fodor, J. and Pylyshyn, Z.},
   Title = {Connectionism and cognitive architecture: A critical analysis},
   Journal = {Cognition},
   Volume = {28},
   Pages = {3-71},
   Keywords = {connectionism},
   Year = {1988} }



@article{
forobl90,
   Author = {Forbus, K. D. and Oblinger, D.},
   Title = {Making SME greedy and pragmatic},
   Journal = {Proceedings of the12th Annual Conference of the Cognitive Science Society},
   Pages = {61-68},
      Year = {1990} }



@article{
fosholrei92,
   Author = {Fossum, B. and Holmberg, H. and Reinvang, I.},
   Title = {Spatial and symbolic factors on the Trail Making Test},
   Journal = {Neuropsychology},
   Volume = {6},
   Pages = {71-75},
   Keywords = {trail making test},
   Year = {1992} }



@article{
fowzilnew88,
   Author = {Fowler, P. C. and Zillmer, E. and Newman, A. C.},
   Title = {A multi-factor model of the Halstead-Reitan Neuropsychological Test Battery and its relationship to cognitive status and psychiatric diagnosis},
   Journal = {Journal of Clinical Psychology},
   Volume = {44},
   Pages = {898-906},
      Year = {1988} }



@article{
fre87,
   Author = {Freyd, J. J.},
   Title = {Dynamic mental representations},
   Journal = {Psychological Review},
   Volume = {94},
   Number = {4},
   Pages = {427-438},
   Keywords = {representation
transformation},
   Year = {1987} }



@article{
frejon94,
   Author = {Freyd, J. J. and Jones, K. T.},
   Title = {Representational momentum for a spiral path},
   Journal = {Journal of Experimental Psychology: Learning, Memory, and Cognition},
   Volume = {20},
   Number = {4},
   Pages = {968-976},
   Keywords = {representation
transformation},
   Year = {1994} }



@book{
gar80,
   Author = {Gardiner, C. F.},
   Title = {A First Course in Group Theory},
   Publisher = {Springer-Verlag},
   Address = {New York, NY},
   Keywords = {mathematics
group theory
symmetry},
   Year = {1980} }



@article{
gar70,
   Author = {Garner, W. R.},
   Title = {Good patterns have few alternatives},
   Journal = {American Scientist},
   Volume = {58},
   Pages = {34-42},
   Keywords = {perception
optimisation},
   Year = {1970} }



@book{
gar74,
   Author = {Garner, W. R.},
   Title = {The Processing of Information and Structure},
   Publisher = {Erlbaum},
   Address = {Potomac, MD},
   Keywords = {perception},
   Year = {1974} }



@incollection{
gar78,
   Author = {Garner, W. R.},
   Title = {Aspects of a stimulus: Features, dimensions and configurations},
   BookTitle = {Cognition and Categorization},
   Editor = {Rosch, E. and Lloyd, B. B.},
   Publisher = {Lawrence Erlbaum},
   Address = {Hillsdale, NJ},
   Pages = {99-133},
      Year = {1978} }



@article{
gargomroc99,
   Author = {Garrido, L. and Gomez, S. and Roca, J.},
   Title = {Improved multidimensional scaling analysis using neural networks with distance error backpropagation},
   Journal = {Neural Computation},
   Volume = {11},
   Pages = {595-600},
      Year = {1999} }



@article{
gattve82,
   Author = {Gati, I. and Tversky, A.},
   Title = {Representations of qualitative and quantitative dimensions},
   Journal = {Journal of Experimental Psychology: Human Perception and Performance},
   Volume = {8},
   Number = {2},
   Pages = {325-340},
   Keywords = {representation},
   Year = {1982} }



@article{
gattve84,
   Author = {Gati, I. and Tversky, A.},
   Title = {Weighting common and distinctive features in perceptual and conceptual judgments},
   Journal = {Cognitive Psychology},
   Volume = {16},
   Pages = {341-370},
   Keywords = {similarity
feature
representation},
   Year = {1984} }



@article{
gattve87,
   Author = {Gati, I. and Tversky, A.},
   Title = {Recall of common and distinctive features of verbal and pictorial stimuli},
   Journal = {Memory and Cognition},
   Volume = {15},
   Number = {2},
   Pages = {97-100},
      Year = {1987} }



@incollection{
gelrub95,
   Author = {Gelman, A. and Rubin, D. B.},
   Title = {Comment: Avoiding model selection in Bayesian social research},
   BookTitle = {Sociological Methodology},
   Editor = {Marsden, P. V.},
   Publisher = {Blackwells},
   Address = {Cambridge, MA},
   Pages = {?},
   Keywords = {statistics
Bayes},
   Year = {1995} }



@book{
gelcar95,
   Author = {Gelman, A. and Carlin, J. B. and Stern, H. S. and Rubin, D. B.},
   Title = {Bayesian Data Analysis},
   Publisher = {Chapman and Hall},
   Address = {London},
      Year = {1995} }



@article{
gen83,
   Author = {Gentner, D.},
   Title = {Structure-mapping: A theoretical framework for analogy},
   Journal = {Cognitive Science},
   Volume = {7},
   Pages = {155-170},
      Year = {1983} }



@article{
gennam00,
   Author = {Gentner, D. and Namy, L. L.},
   Title = {Comparison in the development of categories},
   Journal = {Cognitive Development},
   Volume = {14},
   Pages = {487-513},
      Year = {2000} }



@article{
gerharrob84,
   Author = {Gervais, M. J. and Harvey, L. O. and Roberts, J. O.},
   Title = {Identification confusions among letters of the alphabet},
   Journal = {Journal of Experimental Psychology: Human Perception and Performance},
   Volume = {10},
   Number = {5},
   Pages = {655-666},
   Keywords = {similarity},
   Year = {1984} }



@article{
getsweswe79,
   Author = {Getty, D. J. and Swets, J. B. and Swets, J. A. and Green, D. M.},
   Title = {On the prediction of confusion matrices from similarity judgements},
   Journal = {Perception and Psychophysics},
   Volume = {26},
   Pages = {1-19},
      Year = {1979} }



@book{
gib66,
   Author = {Gibson, J. J.},
   Title = {The Senses Considered as Perceptual Systems},
   Publisher = {Houghton Mifflin},
   Address = {Boston, MA},
      Year = {1966} }



@book{
gib67,
   Author = {Gibson, E. J.},
   Title = {Principles of Perceptual Learning and Development},
   Publisher = {Appleton-Century-Crofts},
   Address = {New York},
      Year = {1967} }



@book{
gib79,
   Author = {Gibson, J. J.},
   Title = {The Ecological Approach to Visual Perception},
   Publisher = {Houghton Mifflin},
   Address = {Boston, MA},
      Year = {1979} }



@article{
giggol96,
   Author = {Gigerenzer, G. and Goldstein, D. G.},
   Title = {Reasoning the fast and frugal way: Models of bounded rationality},
   Journal = {Psychological Review},
   Volume = {103},
   Pages = {650-669},
      Year = {1996} }



@book{
gigtod99,
   Editor = {Gigerenzer, G. and Todd, P. M.},
   Title = {Simple Heuristics That Make Us Smart},
   Publisher = {Oxford University Press},
   Address = {Oxford},
      Year = {1999} }



@incollection{
giggol99,
   Author = {Gigerenzer, G. and Goldstein, D. G.},
   Title = {Betting on one good reason: The take the best heuristic},
   BookTitle = {Simple Heuristics That Make Us Smart},
   Editor = {Gigerenzer, G. and Todd, P. M.},
   Publisher = {Oxford University Press},
   Address = {Oxford},
   Pages = {75-95},
      Year = {1999} }



@inproceedings{
gil97,
   Author = {Gilbert, S.},
   Title = {An objective approach to Trajectory Mapping through simulating annealing},
   BookTitle = {Nineteenth Conference of the Cognitive Science Society},
      Year = {1997} }



@article{
gilhercar79,
   Author = {Gilmore, G. C. and Hersh, H. and Caramazza, A. and Griffin, J.},
   Title = {Multidimensional letter similarity derived from recognition errors},
   Journal = {Perception and Psychophysics},
   Volume = {25},
   Number = {5},
   Pages = {425-431},
      Year = {1979} }



@article{
glubow88,
   Author = {Gluck, M. A. and Bower, G. H.},
   Title = {From conditioning to category learning: An adaptive network model},
   Journal = {Journal of Experimental Psychology: General},
   Volume = {117},
   Pages = {227-247},
   Keywords = {categorisation},
   Year = {1988} }



@article{
glubow88b,
   Author = {Gluck, M. A. and Bower, G. H.},
   Title = {Evaluating an adaptive network model of human learning},
   Journal = {Journal of Memory and Language},
   Volume = {27},
   Pages = {166-195},
      Year = {1988} }



@article{
glubow90,
   Author = {Gluck, M. A. and Bower, G. H.},
   Title = {Component and pattern information in adaptive networks},
   Journal = {Journal of Experimental Psychology: General},
   Volume = {119},
   Number = {1},
   Pages = {105-109},
      Year = {1990} }



@article{
glu91,
   Author = {Gluck, M. A.},
   Title = {Stimulus generalization and representation in adaptive network models of category learning},
   Journal = {Psychological Science},
   Volume = {2},
   Number = {1},
   Pages = {50-55},
      Year = {1991} }



@article{
gol66,
   Author = {Goldman, A. J.},
   Title = {Realizing the distance matrix of a graph},
   Journal = {Journal of Research of the National Bureau of Standards - B. Mathematics and Mathematical Physics},
   Volume = {70B},
   Number = {2},
   Pages = {153-154},
      Year = {1966} }



@article{
gol94,
   Author = {Goldstone, R. L.},
   Title = {An efficient method for obtaining similarity data},
   Journal = {Behavior Research Methods, Instruments, and Computers},
   Volume = {26},
   Number = {4},
   Pages = {381-386},
   Keywords = {similarity},
   Year = {1994} }



@article{
gol94b,
   Author = {Goldstone, R. L.},
   Title = {Influences of categorization on perceptual discrimination},
   Journal = {Journal of Experimental Psychology: General},
   Volume = {123},
   Number = {2},
   Pages = {178-200},
      Year = {1994} }



@article{
gol94c,
   Author = {Goldstone, R. L.},
   Title = {Similarity, interactive activation, and mapping},
   Journal = {Journal of Experimental Psychology: Learning, Memory, and Cognition},
   Volume = {20},
   Pages = {3-28},
      Year = {1994} }



@article{
golmed94,
   Author = {Goldstone, R. L. and Medin, D. L.},
   Title = {The time course of comparison},
   Journal = {Journal of Experimental Psychology: Learning, Memory, and Cognition},
   Volume = {20},
   Pages = {29-50},
      Year = {1994} }



@article{
golmedhal97,
   Author = {Goldstone, R. L. and Medin, D. L. and Halberstadt, J.},
   Title = {Similarity in context},
   Journal = {Memory and Cognition},
   Volume = {25},
   Number = {2},
   Pages = {237-255},
      Year = {1997} }



@incollection{
gol98,
   Author = {Goldstone, R. L.},
   Title = {Hanging together: A connectionist model of similarity},
   BookTitle = {Localist Connectionist Approaches to Human Cognition},
   Editor = {Grainger, J. and Jacobs, A. M.},
   Publisher = {Lawrence Erlbaum},
   Address = {Mahwah, NJ},
   Pages = {283-325},
      Year = {1998} }



@incollection{
gol99,
   Author = {Goldstone, R. L.},
   Title = {Similarity},
   BookTitle = {MIT encylopedia of the cognitive sciences},
   Editor = {Wilson, R.A.  and Keil, F. C.},
   Publisher = {MIT Press},
   Address = {Cambridge, MA},
   Pages = {763-765},
      Year = {1999} }



@incollection{
goo72,
   Author = {Goodman, N.},
   Title = {Seven strictures on similarity},
   BookTitle = {Problems and Projects},
   Editor = {Goodman, N.},
   Publisher = {Bobbs-Merrill},
   Address = {Indianapolis},
   Pages = {437-447},
      Year = {1972} }



@article{
gor72,
   Author = {Gordon, ???},
   Title = {The Trail Making Test in neuropsychological diagnosis},
   Journal = {Journal of Clinical Psychology},
   Volume = {28},
   Pages = {167-169},
      Year = {1972} }



@book{
gor99,
   Author = {Gordon, A. D.},
   Title = {Classification},
   Publisher = {Chapman and Hall},
   Address = {Boca Raton, FL},
   Edition = {2nd},
      Year = {1999} }



@incollection{
gow88,
   Author = {Gower, J. C.},
   Title = {Classification, geometry and data analysis},
   BookTitle = {Classification and Related Methods of Data Analysis},
   Editor = {Bock, H. H},
   Publisher = {Elsevier},
   Address = {Amsterdam},
   Pages = {3-14},
      Year = {1988} }



@article{
grecanhar98,
   Author = {Greco, A. and Cangelosi, A. and Harnad, S.},
   Title = {A connectionist model for categorical perception and symbol grounding},
   Journal = {ICANN98 - International Conference of Artificial Neural Networks},
      Year = {1998} }



@incollection{
greund82,
   Author = {Greenacre, M. J. and Underhill, L. G.},
   Title = {Scaling a data matrix in a low dimensional Euclidean space.},
   BookTitle = {Topics in Applied Multivariate Analysis},
   Editor = {Hawkins, D. M.},
   Publisher = {Cambridge University Press},
   Address = {Cambridge},
   Pages = {183-268},
      Year = {1982} }



@book{
gre75,
   Author = {Gregson, R. A. M.},
   Title = {Psychometrics of Similarity},
   Publisher = {Academic Press},
   Address = {New York},
      Year = {1975} }



@article{
gru00,
   Author = {Grunwald, P.},
   Title = {Model selection based on minimum description length},
   Journal = {Journal of Mathematical Psychology},
   Volume = {44},
   Pages = {133-152},
      Year = {2000} }



@incollection{
hahcha97,
   Author = {Hahn, U. and Chater, N.},
   Title = {Concepts and similarity},
   BookTitle = {Knowledge, Concepts and Categories},
   Editor = {Lamberts, K. and Shanks, D.},
   Publisher = {MIT Press},
   Address = {Cambridge, MA},
   Pages = {43-92},
   Keywords = {similarity
concepts
categorisation},
   Year = {1997} }



@article{
hakyau65,
   Author = {Hakimi, S. L. and Yau, S. S.},
   Title = {Distance matrix of a graph and its realizability},
   Journal = {Quarterly of Applied Mathematics},
   Volume = {22},
   Pages = {305-317},
      Year = {1965} }



@article{
halwoo93,
   Author = {Hall, P. and Wood, A.},
   Title = {On the performance of box-counting estimators of fractal dimension},
   Journal = {Biometrika},
   Volume = {80},
   Pages = {246-252},
   Keywords = {mathematics
fractal dimension},
   Year = {1993} }



@book{
harnor53,
   Author = {Harary, F. and Norman, R. Z.},
   Title = {Graph Theory as a Mathematical Model in Social Science},
   Publisher = {Edwards},
   Address = {Ann Arbor},
      Year = {1953} }



@article{
har64,
   Author = {Harary, F.},
   Title = {A graph theoretic approach to similarity relations},
   Journal = {Psychometrika},
   Volume = {29},
   Number = {2},
   Pages = {143-151},
      Year = {1964} }



@book{
har69,
   Author = {Harary, F.},
   Title = {Graph Theory},
   Publisher = {Addison-Wesley},
   Address = {Reading, MA},
      Year = {1969} }



@incollection{
har73,
   Author = {Harary, F.},
   Title = {Recent results on trees},
   BookTitle = {Graphs and Combinatorics},
   Editor = {Bari, R. A. and Harary, F.},
   Publisher = {Springer-Verlag},
   Address = {NFI},
      Year = {1973} }



@incollection{
har73b,
   Author = {Harary, F.},
   Title = {A survey of the reconstruction conjecture},
   BookTitle = {Graphs and Combinatorics},
   Editor = {Bari, R. A and Harary, F.},
   Publisher = {Springer-Verlag},
   Address = {NFI},
      Year = {1973} }



@incollection{
harhanlub91,
   Author = {Harnad, S. and Hanson, S. J. and Lubin, J.},
   Title = {Categorical perception and the evolution of supervised learning in neural nets},
   BookTitle = {Working Papers of the AAAI Spring Symposium on Machine Learning of Natural Language and Ontology},
   Editor = {Powers, D. W. and Reeker, L.},
   Publisher = {NFI},
   Address = {NFI},
   Pages = {65-74},
      Year = {1991} }



@incollection{
harhanlub95,
   Author = {Harnad, S. and Hanson, S. J. and Lubin, J.},
   Title = {Learned categorical perception in neural nets: Implications for symbol grounding},
   BookTitle = {Symbol Processors and Connectionist Network Models in Artificial Intelligence and Cognitive Modelling: Steps Toward Principled Integration},
   Editor = {Honavar, V. and Uhr, L.},
   Publisher = {Academic Press},
   Address = {NFI},
      Year = {1995} }



@book{
har75,
   Author = {Hartigan, J. A.},
   Title = {Clustering Algorithms},
   Publisher = {Wiley},
   Address = {New York, NY},
      Year = {1975} }



@book{
hau85,
   Author = {Haugeland, J.},
   Title = {Artificial Intelligence: The Very Idea},
   Publisher = {MIT Press},
   Address = {Cambridge, MA},
      Year = {1985} }



@book{
hau37,
   Author = {Hausdorff, F.},
   Title = {Set Theory},
   Publisher = {Chelsea},
   Address = {New York},
      Year = {1937/1962} }



@incollection{
hau95,
   Author = {Hauser, R. M.},
   Title = {Comment: Better rules for better decisions},
   BookTitle = {Sociological Methodology},
   Editor = {Marsden, P. V.},
   Publisher = {Blackwells},
   Address = {Cambridge, MA},
   Pages = {?},
   Keywords = {statistics
Bayes},
   Year = {1995} }



@article{
henwag99,
   Author = {Hendrickx, M. and Wagemanns, J.},
   Title = {A critique of Leyton's theory of perception and cognition},
   Journal = {Journal of Mathematical Psychology},
   Volume = {43},
   Pages = {314-345},
      Year = {1999} }



@incollection{
hinmccrum86,
   Author = {Hinton, G. E. and McClelland, J. L. and Rumelhart, D. E.},
   Title = {Distributed representations},
   BookTitle = {Parallel Distributed Processing: Explorations in the Microstructure of Cognition. Vol. 1: Foundations},
   Editor = {Rumelhart, D. E. and McClelland, J. L.},
   Publisher = {MIT Press},
   Address = {Cambridge, MA},
   Pages = {75-109},
   Keywords = {connectionism
representation},
   Year = {1986} }



@article{
hof66,
   Author = {Hoffman, W. C.},
   Title = {The Lie algebra of visual perception},
   Journal = {Journal of Mathematical Psychology},
   Volume = {3},
   Pages = {65-98},
      Year = {1966} }



@article{
hof68,
   Author = {Hoffman, W. C.},
   Title = {The neuron as a Lie group germ and a Lie product},
   Journal = {Quarterly of Applied Mathematics},
   Volume = {25},
   Pages = {423-441},
      Year = {1968} }



@article{
hof70,
   Author = {Hoffman, W. C.},
   Title = {Higher visual perception as prolongation of the basic Lie transformation group},
   Journal = {Mathematical Biosciences},
   Volume = {6},
   Pages = {437-471},
      Year = {1970} }



@article{
hof71,
   Author = {Hoffman, W. C.},
   Title = {Memory grows},
   Journal = {Kybernetik},
   Volume = {8},
   Pages = {151-157},
      Year = {1971} }



@article{
hof71b,
   Author = {Hoffman, W. C.},
   Title = {Visual illusions of angle as an application of Lie transformation groups},
   Journal = {S. I. A. M. Review},
   Volume = {13},
   Number = {2},
   Pages = {169-184},
      Year = {1971} }



@incollection{
hof84,
   Author = {Hoffman, W. C.},
   Title = {Figural synthesis by vectorfields: Geometric neuropsychology},
   BookTitle = {Figural Synthesis},
   Editor = {Dodwell, P. C. and Caelli, T.},
   Publisher = {Lawrence Erlbaum},
   Address = {Hillsdale, NJ},
   Pages = {249-282},
   Keywords = {group theory
representation
transformation
Lie},
   Year = {1984} }



@article{
hoff85,
   Author = {Hoffman, W. C.},
   Title = {Some reasons why algebraic topology is important in neuropsychology: perceptual and cognitive systems as fibrations},
   Journal = {International Journal of Man-Machine Studies},
   Volume = {22},
   Pages = {613-650},
      Year = {1985} }



@article{
hofdod85,
   Author = {Hoffman, W. C. and Dodwell, P. C.},
   Title = {Geometric psychology generates the visual gestalt},
   Journal = {Canadian Journal of Psychology},
   Volume = {39},
   Number = {4},
   Pages = {491-528},
      Year = {1985} }



@book{
hof79,
   Author = {Hofstadter, D. R.},
   Title = {Godel, Escher, Bach: An Eternal Golden Braid},
   Publisher = {Penguin},
   Address = {London},
   Keywords = {representation
mathematics},
   Year = {1979} }



@book{
hof85,
   Author = {Hofstadter, D. R.},
   Title = {Metamagical Themas: Questing For the Essence of Mind and Pattern},
   Publisher = {Erlbaum},
   Address = {New York, NY},
   Keywords = {analogy},
   Year = {1985} }



@book{
hof95,
   Author = {Hofstadter, D. R.},
   Title = {Fluid Concepts and Creative Analogies: Computer Models of the Fundamental Mechanisms of Thought},
   Publisher = {Penguin Books},
   Address = {London},
   Keywords = {analogy
concepts
categorisation},
   Year = {1995} }



@incollection{
hof00,
   Author = {Hofstadter, D. R.},
   Title = {Analogy as the Core of Cognition},
   BookTitle = {The Analogical Mind: Perspectives From Cognitive Science},
   Editor = {Gentner, D. and Holyoak, K. J. and Kokinov, B. N.},
   Publisher = {Bradford},
   Address = {Cambridge, MA},
   Pages = {499-538},
      Year = {2000} }



@article{
holtha89,
   Author = {Holyoak, K. J. and Thagard, P.},
   Title = {Analogical mapping by constraint mapping},
   Journal = {Cognitive Science},
   Volume = {13},
   Pages = {295-355},
      Year = {1989} }



@article{
holtha97,
   Author = {Holyoak, K. J. and Thagard, P.},
   Title = {The analogical mind},
   Journal = {American Psychologist},
   Volume = {52},
   Number = {1},
   Pages = {35-44},
      Year = {1997} }



@book{
horjoh85,
   Author = {Horn, J . A. and Johnson, C. R.},
   Title = {Matrix Analysis},
   Publisher = {Cambridge University Press},
   Address = {Cambridge, MA},
      Year = {1985} }



@book{
hu69,
   Author = {Hu, T. C.},
   Title = {Integer Programming and Network Flows},
   Publisher = {Addison-Wesley},
   Address = {Reading, MA},
      Year = {1969} }



@article{
hubwinben81,
   Author = {Huba, G. L. and Wingard, J. A. and Bentler, P. M.},
   Title = {A comparison of two latent variable causal models for adolescent drug use},
   Journal = {Journal of Personality and Social Psychology},
   Volume = {40},
   Number = {1},
   Pages = {180-193},
      Year = {1981} }



@article{
hubsch75,
   Author = {Hubert, L. and Schultz, J.},
   Title = {Hierarchical clustering and the concept of space distortion},
   Journal = {The British Journal of Mathematical and Statistical Psychology},
   Volume = {28},
   Number = {2},
   Pages = {121-133},
      Year = {1975} }



@article{
hubarameu97,
   Author = {Hubert, L. and Arabie, P. and Meulman, J.},
   Title = {Linear and circular unidimensional scaling for symmetrical proximity matrices},
   Journal = {British Journal of Mathematical and Statistical Psychology},
   Volume = {50},
   Pages = {253-284},
      Year = {1997} }



@incollection{
hunsul89,
   Author = {Hunt, F. and Sullivan, F.},
   Title = {Methods of computing fractal dimensions},
   BookTitle = {Nonlinear Semigroups, Partial Differential Equations and Attractors},
   Editor = {Gill, T. L. and Zachery, W. W.},
   Publisher = {Springer-Verlag},
   Address = {Berlin},
      Year = {1989} }



@book{
hut95,
   Author = {Hutchins, E.},
   Title = {Cognition in the Wild},
   Publisher = {MIT Press},
   Address = {Cambridge, MA},
      Year = {1995} }



@article{
hut89,
   Author = {Hutchinson, J. W.},
   Title = {NETSCAL: A network scaling algorithm for nonsymmetric proximity data},
   Journal = {Psychometrika},
   Volume = {54},
   Number = {1},
   Pages = {25-51},
      Year = {1989} }



@article{
ima77,
   Author = {Imai, S.},
   Title = {Pattern similarity and cognitive transformations},
   Journal = {Acta Psychologica},
   Volume = {41},
   Pages = {433-447},
      Year = {1977} }



@incollection{
ima92,
   Author = {Imai, S.},
   Title = {Fundamentals of cognitive judgements of patterns},
   BookTitle = {Cognition, Information Processing and Psychophysics: Basic Issues},
   Editor = {Geissler, H. and Link, S. W. and Townsend, J. T.},
   Publisher = {Lawrence Erlbaum},
   Address = {Hillsdale, NJ},
   Pages = {225-266},
      Year = {1992} }



@book{
james1890,
   Author = {James, W.},
   Title = {The Principles of Psychology},
   Publisher = {Dover},
   Address = {New York},
      Year = {1890} }



@article{
jef35,
   Author = {Jeffreys, H.},
   Title = {Some tests of significance, treated by the theory of probability},
   Journal = {Proceedings of the Cambridge Philosophical Society},
   Volume = {31},
   Pages = {203-222},
      Year = {1935} }



@book{
jef61,
   Author = {Jeffreys, H.},
   Title = {Theory of Probability},
   Publisher = {Oxford University Press},
   Address = {Oxford},
   Edition = {3rd},
      Year = {1961} }



@article{
joh67,
   Author = {Johnson, S. C.},
   Title = {Hierarchical clustering schemes},
   Journal = {Psychometrika},
   Volume = {32},
   Pages = {241-254},
      Year = {1967} }



@article{
johtve84,
   Author = {Johnson, E. J. and Tversky, A.},
   Title = {Representations of perceptions of risk},
   Journal = {Journal of Experimental Psychology: General},
   Volume = {113},
   Number = {1},
   Pages = {55-70},
      Year = {1984} }



@book{
kanschjes95,
   Author = {Kandel, E. R. and Schwartz, J. H. and Jessell, T. M.},
   Title = {Essentials of Neural Science and Behavior},
   Publisher = {Appleton and Lange},
   Address = {Stamford, CT},
      Year = {1995} }



@incollection{
kastiekad90,
   Author = {Kass, R. E. and Tierney, L. and Kadane, J. B.},
   Title = {The validity of posterior expansions based on Laplace's method},
   BookTitle = {Bayesian and Likelihood Methods in Statistics and Econometrics},
   Editor = {Geisser, S. and Hodges, J. S. and Press, S. J. and Zellner, A.},
   Publisher = {North-Holland},
   Address = {Amsterdam},
      Year = {1990} }



@article{
kasvai92,
   Author = {Kass, R. E. and Vaidyanathan, S. K.},
   Title = {Approximate Bayes factors and orthogonal parameters, with application to testing equality of two binomial proportions},
   Journal = {Journal of the Royal Statistical Society, Series B},
   Volume = {54},
   Number = {1},
   Pages = {128-144},
      Year = {1992} }



@article{
kasraf95,
   Author = {Kass, R. E. and Raftery, A. E.},
   Title = {Bayes factors},
   Journal = {Journal of the American Statistical Association},
   Volume = {90},
   Pages = {773-795},
   Keywords = {statistics
Bayes},
   Year = {1995} }



@article{
kellewgur,
   Author = {Kelland, D. Z. and Lewis, R. and Gurevitch, D.},
   Title = {Evaluation of the Repeatable Cognitive-Perceptual-Motor Battery: Reliability, validity, and sensitivity to diazepam},
   Journal = {NFI},
   Volume = {NFI},
   Number = {NFI},
   Pages = {NFI},
      Year = {NFI} }



@article{
kemframor00,
   Author = {Kemler Nelson, D. G. and Frankenfield, A. and Morris, C. and Blair, E.},
   Title = {Young children's use of functional information to categorize artifacts: Three factors that matter},
   Journal = {Cognition},
   Volume = {77},
   Pages = {133-168},
      Year = {2000} }



@article{
ken81,
   Author = {Kennedy, K.},
   Title = {Age effects on Trail Making Test performance},
   Journal = {Perceptual and Motor Skills},
   Volume = {52},
   Pages = {671-675},
      Year = {1981} }



@article{
kerbag81,
   Author = {Keren, G. and Baggen, S.},
   Title = {Recognition models of alphanumeric charaters},
   Journal = {Perception and Psychophysics},
   Volume = {29},
   Number = {3},
   Pages = {234-246},
      Year = {1981} }



@article{
ker90,
   Author = {Keren, G.},
   Title = {On the intricacies involved in the study of similarity judgments: Comment on Ritov, Gati, and Tversky},
   Journal = {Journal of Experimental Psychology: General},
   Volume = {119},
   Number = {1},
   Pages = {42-43},
   Keywords = {similarity
feature},
   Year = {1990} }



@article{
kirgelvec83,
   Author = {Kirkpatrick, S. and Gelatt, C. D. and Vecchi, M. P.},
   Title = {Optimization by simulated annealing},
   Journal = {Science},
   Volume = {220},
   Pages = {671-680},
      Year = {1983} }



@article{
kir91,
   Author = {Kirsh, D.},
   Title = {Today the earwig, tomorrow man?},
   Journal = {Artificial Intelligence},
   Volume = {47},
   Pages = {161-184},
      Year = {1991} }



@article{
kitkelbermasfri98,
   Author = {Kitzis, S. N. and Kelley, H. and Berg, E. and Massaro, D. W. and Friedman, D.},
   Title = {Broadening the tests of learning models},
   Journal = {Journal of Mathematical Psychology},
   Volume = {42},
   Pages = {327-355},
      Year = {1998} }



@incollection{
kla88,
   Author = {Klauer, K. C.},
   Title = {Representing similarities by ordinal networks},
   BookTitle = {Classification and Related Methods of Data Analysis},
   Editor = {Bock, H. H},
   Publisher = {Elsevier},
   Address = {Amsterdam},
   Pages = {473-477},
      Year = {1988} }



@article{
kla89,
   Author = {Klauer, K. C.},
   Title = {Ordinal network scaling: Representing proximities by graphs},
   Journal = {Psychometrika},
   Volume = {54},
   Number = {4},
   Pages = {737-750},
      Year = {1989} }



@article{
klacar89,
   Author = {Klauer, K. C. and Carroll, J. D.},
   Title = {A mathematical programming approach to fitting general graphs},
   Journal = {Journal of Classification},
   Volume = {6},
   Pages = {247-270},
      Year = {1989} }



@article{
klacar91,
   Author = {Klauer, K. C. and Carroll, J. D.},
   Title = {A comparison of two approaches to fitting directed graphs to nonsymmetric proximity measures},
   Journal = {Journal of Classification},
   Volume = {8},
   Pages = {251-268},
      Year = {1991} }



@incollection{
klacar95,
   Author = {Klauer, K. C. and Carroll, J. D.},
   Title = {Network models for scaling proximity data},
   BookTitle = {Geometric Representations of Perceptual Phenomena: Papers in Honor of Tarow Indow on his 70th Birthday},
   Editor = {Luce, R. D. and D'Zmura, M. and Hoffman, D. and Iverson, G. J. and Romney, A. K.},
   Publisher = {Lawrence Erlbaum},
   Address = {Mahweh, NJ},
      Year = {1995} }



@article{
klefisphebosvas84,
   Author = {Klesges, R. C. and Fisher, L. and Pheley, A. and Boschee, P. and Vasey, M.},
   Title = {A major validation study of the Halstead-Reitan in the prediction of CAT-scat assessed brain damage in adults},
   Journal = {The International Journal of Clinical Neuropsychology},
   Volume = {6},
   Pages = {29-34},
      Year = {1984} }



@article{
knifieker90,
   Author = {Knill, D. C. and Field, D. and Kersten, D.},
   Title = {Human discrimination of fractal images},
   Journal = {Journal of the Optical Society of America A},
   Volume = {7},
   Number = {6},
   Pages = {1113-1123},
      Year = {1990} }



@book{
knu73,
   Author = {Knuth, D. E.},
   Title = {The Art of Computer Programming, Vol. 3: Sorting and Searching},
   Publisher = {Addison-Wesley},
   Address = {Reading, MA},
      Year = {1973} }



@incollection{
koc75,
   Author = {Kochen, M.},
   Title = {Applications of fuzzy sets in psychology},
   BookTitle = {Fuzzy Sets and Their Applications to Cognitive and Decision Processes},
   Editor = {Zadeh, L. A. and Fu, K. and Tanaka, K. and Shimura, M},
   Publisher = {Academic Press},
   Address = {New York},
      Year = {1975} }



@article{
koh82a,
   Author = {Kohonen, T.},
   Title = {Self-organized formation of topologically correct feature maps},
   Journal = {Biological Cybernetics},
   Volume = {43},
   Pages = {59-69},
   Keywords = {connectionism
learning},
   Year = {1982} }



@article{
koh82b,
   Author = {Kohonen, T.},
   Title = {Analysis of a simple self-organizing process},
   Journal = {Biological Cybernetics},
   Volume = {44},
   Pages = {135-140},
   Keywords = {connectionism
learning},
   Year = {1982} }



@article{
koh90,
   Author = {Kohonen, T.},
   Title = {The self-organizing map},
   Journal = {Proceedings of the IEEE},
   Volume = {78},
   Number = {9},
   Pages = {1464-1480},
   Keywords = {connectionism
learning},
   Year = {1990} }



@book{
kolwhi96,
   Author = {Kolb, B. and Whishaw, I. Q.},
   Title = {Fundamentals of Human Neuropsychology (4th edition)},
   Publisher = {W. H. Freeman},
   Address = {New York},
      Year = {1996} }



@article{
kol65,
   Author = {Kolmogorov, A. N.},
   Title = {Three approaches to the quantitative definition of information},
   Journal = {Problems of Information Transmission},
   Volume = {1},
   Number = {1},
   Pages = {1-7},
      Year = {1965} }



@article{
kom92,
   Author = {Komatsu, L. K.},
   Title = {Recent views of conceptual structure},
   Journal = {Psychological Bulletin},
   Volume = {112},
   Number = {3},
   Pages = {500-526},
   Keywords = {similarity
concepts
categorisation},
   Year = {1992} }



@book{
kralucsuptve71,
   Author = {Krantz, D. H. and Luce, R. D. and Suppes, P. and Tversky, A.},
   Title = {Foundations of Measurement: Additive and Polynomial Representations, vol 1},
   Publisher = {Academic Press},
   Address = {New York, NY},
      Year = {1971} }



@article{
kru92,
   Author = {Kruschke, J. K.},
   Title = {ALCOVE: An exemplar-based connectionist model of category learning},
   Journal = {Psychological Review},
   Volume = {99},
   Number = {1},
   Pages = {22-44},
      Year = {1992} }



@article{
kru93,
   Author = {Kruschke, J. K.},
   Title = {Three principles for models of category learning},
   Journal = {The Psychology of Learning and Motivation},
   Volume = {29},
   Pages = {3-26},
      Year = {1993} }



@article{
kru93b,
   Author = {Kruschke, J. K.},
   Title = {Human category learning: Implications for backpropagation models},
   Journal = {Connection Science},
   Volume = {5},
   Pages = {3-36},
      Year = {1993} }



@article{
kru96,
   Author = {Kruschke, J. K.},
   Title = {Dimensional relevance shifts in category learning},
   Journal = {Connection Science},
   Volume = {8},
   Number = {2},
   Pages = {225-247},
      Year = {1996} }



@article{
kru96b,
   Author = {Kruschke, J. K.},
   Title = {Base rates in category learning},
   Journal = {Journal of Experimental Psychology: Learning, Memory and Cognition},
   Volume = {22},
   Number = {1},
   Pages = {3-26},
      Year = {1996} }



@article{
krujoh98,
   Author = {Kruschke, J. K. and Johansen, M. K.},
   Title = {A model of cue competition in probabilistic category learning},
   Journal = {Manuscript submitted for publication},
      Year = {1998} }



@article{
kru64,
   Author = {Kruskal, J. B.},
   Title = {Multidimensional scaling by optimizing goodness of fit to a nonmetric hypothesis},
   Journal = {Psychometrika},
   Volume = {29},
   Number = {1},
   Pages = {1-27},
   Keywords = {similarity
multidimensional scaling
optimisation},
   Year = {1964} }



@article{
kru64b,
   Author = {Kruskal, J. B.},
   Title = {Nonmetric multidimensional scaling: A numerical method},
   Journal = {Psychometrika},
   Volume = {29},
   Number = {2},
   Pages = {115-129},
      Year = {1964} }



@article{
kuejan69,
   Author = {Kuennapas, T. and Janson, A.},
   Title = {Multidimensional similarity of letters},
   Journal = {Perceptual and Motor Skills},
   Volume = {28},
   Pages = {3-12},
      Year = {1969} }



@book{
kul68,
   Author = {Kullback, S.},
   Title = {Information Theory and Statistics},
   Publisher = {Dover},
   Address = {New York},
      Year = {1968} }



@article{
lab62,
   Author = {La Berge, D.},
   Title = {A recruitment theory of simple behaviour},
   Journal = {Psychometrika},
   Volume = {27},
   Pages = {375-396},
      Year = {1962} }



@book{
lak87,
   Author = {Lakoff, G.},
   Title = {Women, Fire and Dangerous Things: What Categories Reveal About the Mind},
   Publisher = {University of Chicago Press},
   Address = {Chicago},
      Year = {1987} }



@book{
lam68,
   Author = {Laming, D. R. J.},
   Title = {Information Theory  of Choice-Reaction Times},
   Publisher = {Academic Press},
   Address = {London},
      Year = {1968} }



@book{
lan87,
   Author = {Langacker, R. V.},
   Title = {Foundations of Cognitive Grammar},
   Publisher = {Stanford University Press},
   Address = {?},
      Year = {1987} }



@book{
lawhan74,
   Author = {Lawson, C. L. and Hanson, R. J.},
   Title = {Solving Least Squares Problems},
   Publisher = {Prentice-Hall},
   Address = {Englewood Cliffs, NJ},
      Year = {1974} }



@article{
lee97a,
   Author = {Lee, M. D.},
   Title = {The connectionist construction of psychological spaces},
   Journal = {Connection Science},
   Volume = {9},
   Number = {4},
   Pages = {323-351},
   Keywords = {connectionism
multidimensional scaling
similarity
learning},
   Year = {1997} }



@techreport{
leevic98,
   Author = {Lee, M. D. and Vickers, D.},
   Title = {Psychological Approaches to Data Visualisation},
   Institution = {DSTO Electronics and Surveillance Research Laboratory},
   Number = {DSTO-RR-0135},
   Type = {Technical Report},
   Month= {July, 1998},
      Year = {1998} }



@article{
lee98,
   Author = {Lee, M. D.},
   Title = {Neural feature abstraction from judgments of similarity.},
   Journal = {Neural computation},
   Volume = {10},
   Number = {7},
   Pages = {1815-1830},
   Keywords = {feature
connectionism
learning},
   Year = {1998} }



@article{
lee99b,
   Author = {Lee, M. D.},
   Title = {An extraction and regularization approach to additive clustering},
   Journal = {Journal of Classification},
   Volume = {16},
   Number = {2},
   Pages = {255-281},
   Keywords = {connectionism
additive clustering
similarity},
   Year = {1999} }



@techreport{
lee99,
   Author = {Lee, M. D.},
   Title = {Algorithms for Representing Similarity Data},
   Institution = {DSTO, Electronics and Surveillance Laboratory},
   Number = {DSTO-TR-0152},
   Type = {Technical Report},
   Month= {December, 1998},
      Year = {1999} }



@article{
leevic00,
   Author = {Lee, M. D. and Vickers, D.},
   Title = {The importance of the convex hull for human performance on the travelling salesman problem: A comment on MacGregor and Ormerod (1996)},
   Journal = {Perception and Psychophysics},
   Volume = { 62},
   Pages = {226-228},
   Keywords = {travelling salesman problem},
   Year = {2000} }



@article{
lee01,
   Author = {Lee, M. D.},
   Title = {Determining the dimensionality of multidimensional scaling representations for cognitive modeling},
   Journal = {Journal of Mathematical Psychology},
   Volume = {45},
   Pages = {149-166},
      Year = {2001} }



@article{
lee01b,
   Author = {Lee, M. D.},
   Title = {On the complexity of additive clustering models},
   Journal = {Journal of Mathematical Psychology},
   Volume = {45},
   Pages = {131-148},
      Year = {2001} }



@article{
leesub1,
   Author = {Lee, M. D.},
   Title = {A simple method for generating additive clustering models with limited complexity},
   Journal = {Machine Learning},
   Volume = {49},
   Pages = {39-58},
      Year = {2002} }



@article{
leenav01,
   Author = {Lee, M. D. and Navarro, D. J.},
   Title = {Extending the ALCOVE model of category learning to featural stimulus domains},
   Journal = {Psychonomic Bulletin and Review},
   Keywords = {categorisation
feature},
   Year = {in press} }



@article{
leesub3,
   Author = {Lee, M. D.},
   Title = {Generating additive clustering models with limited stochastic complexity.},
   Journal = {Journal of Classification},
      Year = {in press} }



@article{
leechanav02,
   Author = {Lee, M. D. and Chandrasena, L. and Navarro, D. J.},
   Title = {Using cognitive decision models to proritize E-mails},
   Journal = {Proceedings of the 24th Annual Conference of the Cognitive Science Society},
      Year = {in press} }



@article{
leesub2,
   Author = {Lee, M. D.},
   Title = {Algorithms for fitting and displaying additive trees with limited complexity},
   Journal = {Manuscript submitted for publication},
   Keywords = {similarity
additive tree},
   Year = {submitted} }



@article{
leebutreisub,
   Author = {Lee, M. D. and Butavicius, M. and Reilly, R. E.},
   Title = {Visualizations of binary data: A comparative evaluation},
   Journal = {Manuscript submitted for publication},
      Year = {submitted} }



@article{
leesub4,
   Author = {Lee, M. D.},
   Title = {Message prioritization: An application of fast and frugal cognitive models.},
   Journal = {Manuscript submitted for publication},
      Year = {submitted} }



@article{
leesub5,
   Author = {Lee, M. D.},
   Title = {A Bayesian analysis of retention functions},
   Journal = {Manuscript submitted for publication},
      Year = {submitted} }



@article{
leecorsub,
   Author = {Lee, M. D. and Corlett, E. Y.},
   Title = {Sequential sampling models of human text classification},
   Journal = {Manuscript submitted for publication},
      Year = {submitted} }



@article{
lew95,
   Author = {Lewandowsky, S.},
   Title = {Base-rate neglect in ALCOVE: A critical reevaluation},
   Journal = {Psychological Review},
   Volume = {102},
   Number = {1},
   Pages = {185-191},
      Year = {1995} }



@book{
lew36,
   Author = {Lewin, K.},
   Title = {Principles of Topological Psychology},
   Publisher = {McGraw-Hill},
   Address = {New York, NY},
   Keywords = {representation
transformation
topology},
   Year = {1936} }



@article{
ley85,
   Author = {Leyton, M.},
   Title = {Generative systems of analyzers},
   Journal = {Computer Vision, Graphics and Image Processing},
   Volume = {31},
   Pages = {201-241},
      Year = {1985} }



@article{
ley86,
   Author = {Leyton, M.},
   Title = {A theory of information structure: I. General principles},
   Journal = {Journal of Mathematical Psychology},
   Volume = {30},
   Pages = {102-160},
      Year = {1986} }



@article{
ley86b,
   Author = {Leyton, M.},
   Title = {A theory of information structure: II. A theory of perceptual organization},
   Journal = {Journal of Mathematical Psychology},
   Volume = {30},
   Pages = {257-305},
      Year = {1986} }



@article{
ley87,
   Author = {Leyton, M.},
   Title = {A limitation theorem for the differential prototypification of shape},
   Journal = {Journal of Mathematical Psychology},
   Volume = {31},
   Pages = {307-320},
      Year = {1987} }



@article{
ley89,
   Author = {Leyton, M.},
   Title = {Inferring causal history from shape},
   Journal = {Cognitive Science},
   Volume = {13},
   Pages = {357-387},
      Year = {1989} }



@book{
ley92,
   Author = {Leyton, M.},
   Title = {Symmetry, Causality, Mind},
   Publisher = {MIT Press},
   Address = {Cambridge, MA},
   Keywords = {representation
symmetry
transformation
group theory
perception},
   Year = {1992} }



@book{
lez95,
   Author = {Lezak, M. D.},
   Title = {Neuropsychological Assessment (3rd ed.)},
   Publisher = {Oxford University Press},
   Address = {New York, NY},
   Keywords = {neuropsychology
trail making test},
   Year = {1995} }



@article{
lincae78,
   Author = {Lindman, H. and Caelli, T.},
   Title = {Constant curvature Riemannian scaling},
   Journal = {Journal of Mathematical Psychology},
   Volume = {17},
   Pages = {89-109},
   Keywords = {multidimensional scaling
mathematics},
   Year = {1978} }



@book{
linzuc86,
   Author = {Linhart, H. and Zucchini, W.},
   Title = {Model Selection},
   Publisher = {John Wiley and Sons},
   Address = {New York},
      Year = {1986} }



@article{
livandhar98,
   Author = {Livingston, K. R. and Andrews, J. K. and Harnad, S.},
   Title = {Categorical perception effects induced by category learning},
   Journal = {Journal of Experimental Psychology: Learning, Memory and Cognition},
   Volume = {24},
   Number = {3},
   Pages = {732-753},
      Year = {1998} }



@article{
lovmed98,
   Author = {Love, B. C. and Medin, D. L.},
   Title = {SUSTAIN: A model of human category learning},
   Journal = {Proceedings of the Fifteenth National Conference on Artificial Intelligence},
   Pages = {671-676},
      Year = {1998} }



@article{
lowtip96,
   Author = {Lowe, D. and Tipping, M. E.},
   Title = {Feed-forward neural networks and topographic mappings for exploratory data analysis},
   Journal = {Neural Computing and Applications},
   Volume = {4},
   Pages = {83-95},
   Keywords = {connectionism
topology
representation},
   Year = {1996} }



@incollection{
luc63,
   Author = {Luce, R. D.},
   Title = {Detection and recognition},
   BookTitle = {Handbook of Mathematical Psychology},
   Editor = {Luce, R. D. and Bush, R. R. and Galanter, E.},
   Publisher = {Wiley},
   Address = {New York},
   Volume = {1},
   Pages = {103-190},
      Year = {1963} }



@book{
luc86,
   Author = {Luce, R. D.},
   Title = {Response Times: Their Role in Inferring Elementary Mental Organization},
   Publisher = {Oxford University Press},
   Address = {New York, NY},
      Year = {1986} }



@incollection{
luc88,
   Author = {Luce, R. D.},
   Title = {Goals, achievements, and limitations of modern fundamental measurement theory},
   BookTitle = {Classification and Related Methods of Data Analysis},
   Editor = {Bock, H. H},
   Publisher = {Elsevier},
   Address = {Amsterdam},
   Pages = {15-22},
      Year = {1988} }



@article{
luc95,
   Author = {Luce, R. D.},
   Title = {Four tensions concerning mathematical modeling in psychology},
   Journal = {Annual Review of Psychology},
   Volume = {46},
   Pages = {1-26},
      Year = {1995} }



@article{
macorm96,
   Author = {MacGregor, J. N. and Ormerod, T.},
   Title = {Human performance on the travelling salesman problem},
   Journal = {Perception and Psychophysics},
   Volume = {58},
   Pages = {527-539},
   Keywords = {travelling salesman problem},
   Year = {1996} }



@article{
mac97,
   Author = {Macho, S.},
   Title = {Effect of relevance shifts in category acquisition: A test of neural networks},
   Journal = {Journal of Experimental Psychology: Learning, Memory and Cognition},
   Volume = {23},
   Number = {1},
   Pages = {30-53},
      Year = {1997} }



@book{
magneu88,
   Author = {Magnus, J. R. and Neudecker, H.},
   Title = {Matrix Differential Calculus with Applications in Statistics and Econometrics},
   Publisher = {Wiley},
   Address = {New York},
      Year = {1988} }



@article{
mansho91,
   Author = {Manning, S. K. and Shofner, E.},
   Title = {Similarity ratings and confusbility of lipread consonants compared with similarity ratings of auditory and orthographic stimuli},
   Journal = {American Journal of Psychology},
   Volume = {104},
   Number = {4},
   Pages = {587-604},
   Keywords = {similarity},
   Year = {1991} }



@article{
maojai97,
   Author = {Mao, J. and Jain, A. K.},
   Title = {Artificial neural networks for feature extraction and multivariate data projection},
   Journal = {IEEE Transactions on Neural Networks},
   Volume = {8},
   Number = {1},
   Pages = {148-154},
   Keywords = {connectionism
feature
learning},
   Year = {1997} }



@article{
mar89,
   Author = {Markman, A. B.},
   Title = {LMS rule and the inverse base-rate effect: Comment on Gluck and Bower (1988)},
   Journal = {Journal of Experimental Psychology: General},
   Volume = {118},
   Number = {4},
   Pages = {417-421},
      Year = {1989} }



@article{
margen93,
   Author = {Markman, A. B. and Gentner, D.},
   Title = {Structural alignment during similarity comparisons},
   Journal = {Cognitive Psychology},
   Volume = {25},
   Pages = {431-467},
      Year = {1993} }



@article{
mardie00,
   Author = {Markman, A. B. and Dietrich, E.},
   Title = {Extending the classical view of representation},
   Journal = {Trends in Cognitive Sciences},
   Volume = {4},
   Pages = {470-475},
      Year = {2000} }



@article{
mardie00b,
   Author = {Markman, A. B. and Dietrich, E.},
   Title = {In defense of representation},
   Journal = {Cognitive Psychology},
   Volume = {40},
   Pages = {138-171},
      Year = {2000} }



@incollection{
marhof99,
   Author = {Martignon, L. and Hoffrage, U.},
   Title = {Why does one-reason decision making work?},
   BookTitle = {Simple Heuristics That Make Us Smart},
   Editor = {Gigerenzer, G. and Todd, P. M.},
   Publisher = {Oxford University Press},
   Address = {Oxford},
   Pages = {119-140},
      Year = {1999} }



@article{
marmasend88,
   Author = {Maruyama, K. and Masame, K. and Endo, M.},
   Title = {Sameness or not-sameness of the corresponding features and their summation effect in similarity judgement of faces},
   Journal = {Tohoku Psychologica Folia},
   Volume = {47},
   Number = {1-4},
   Pages = {74-84},
   Keywords = {similarity},
   Year = {1988} }



@article{
masfri90,
   Author = {Massaro, D. W. and Friedman, D.},
   Title = {Models of integration given multiple sources of information},
   Journal = {Psychological Review},
   Volume = {97},
   Pages = {225-252},
      Year = {1990} }



@article{
mascohcam01,
   Author = {Massaro, D. W. and Cohen, M. M. and Campbell, C. S. and Rodriguez, T.},
   Title = {Bayes factor of model selection validates FLMP},
   Journal = {Psychonomic Bulletin and Review},
   Volume = {8},
   Pages = {1-17},
      Year = {2001} }



@article{
mcckrahei88,
   Author = {McCaffrey, R. J. and Krahula, M. M. and Heimberg, R. G. and Keller, K. E. and Parcell, M. J.},
   Title = {A comparison of the Trail Making Test, Symbol Digit Modalities Test, and the Hooper Visual Organisation Test in an inpatient substance abuse population},
   Journal = {Archives of Clinical Neuropsychology},
   Volume = {3},
   Pages = {181-187},
      Year = {1988} }



@article{
mccorthaa93,
   Author = {McCaffrey, R. J. and Ortega, A. and Haase, R. F.},
   Title = {Effects of repeated neuropsychological assessments},
   Journal = {Archives of Clinical Neuropsychology},
   Volume = {8},
   Pages = {519-524},
      Year = {1993} }



@book{
mccrum86,
   Author = {McClelland, J. L. and Rumelhart, D. E.},
   Title = {Parallel Distributed Processing: Explorations in the Microstructure of Cognition. Vol. 2: Psychological and Biological Models},
   Publisher = {MIT Press},
   Address = {Cambridge, MA},
   Keywords = {connectionism},
   Year = {1986} }



@article{
mccfra92,
   Author = {McCracken, L. M. and Franzen, M. D.},
   Title = {Principal-components analysis of the equivalence of alternate forms of the Trail Making Test},
   Journal = {Psychological Assessment},
   Volume = {4},
   Pages = {235-238},
      Year = {1992} }



@incollection{
medort89,
   Author = {Medin, D. L. and Ortony, A.},
   Title = {Psychological essentialism},
   BookTitle = {Similarity and Analogical Reasoning},
   Editor = {Vosniadou, S. and Ortony, A.},
   Publisher = {Cambridge University Press},
   Address = {New York},
   Pages = {179-195},
      Year = {1989} }



@article{
med89,
   Author = {Medin, D. L.},
   Title = {Concepts and conceptual structure},
   Journal = {American Psychologist},
   Volume = {44},
   Pages = {1469-1481},
      Year = {1989} }



@article{
merros81,
   Author = {Mervis, C. B. and Rosch, E.},
   Title = {Categorization of natural objects},
   Journal = {Annual Review of Psychology},
   Volume = {32},
   Pages = {89-115},
      Year = {1981} }



@article{
mic86,
   Author = {Michell, J.},
   Title = {Measurement scales and statistics: A clash of paradigms},
   Journal = {Psychological Bulletin},
   Volume = {100},
   Number = {3},
   Pages = {398-407},
      Year = {1986} }



@article{
milnic55,
   Author = {Miller, G. A. and Nicely, P. E.},
   Title = {An analysis of perceptual confusions among some English consonants},
   Journal = {Journal of the Acoustical Society of America},
   Volume = {27},
   Pages = {338-352},
      Year = {1955} }



@book{
min86,
   Author = {Minsky, M.},
   Title = {The Society of Mind},
   Publisher = {Simon and Schuster},
   Address = {New York},
      Year = {1986} }



@article{
myushe96,
   Author = {Myung, I. J. and Shepard, R. N.},
   Title = {Maximum entropy inference and stimulus generalization},
   Journal = {Journal of Mathematical Psychology},
   Volume = {40},
   Pages = {342-347},
   Keywords = {generalisation
representation},
   Year = {1996} }



@article{
myupit97,
   Author = {Myung, I. J and Pitt, M. A.},
   Title = {Applying Occam's razor in modeling cognition: A Bayesian aproach},
   Journal = {Psychonomic Bulletin and Review},
   Volume = {4},
   Number = {1},
   Pages = {79-95},
   Keywords = {Bayes},
   Year = {1997} }



@article{
myukimpit98,
   Author = {Myung, I. J. and Kim, C. and Pitt, M. A.},
   Title = {Toward an explanation of the power-law artifact: Insights from response surface analysis},
   Journal = {Manuscript submitted for publication},
      Year = {1998} }



@article{
myubalpit00,
   Author = {Myung, I. J. and Balasubramanian, V. and Pitt, M. A.},
   Title = {Counting probability distributions: Differential geometry and model selection},
   Journal = {Proceedings of the National Academy of Sciences USA},
   Volume = {97},
   Pages = {11170-11175},
      Year = {2000} }



@article{
myu00,
   Author = {Myung, I. J.},
   Title = {The importance of complexity in model selection},
   Journal = {Journal of Mathematical Psychology},
   Volume = {44},
   Pages = {190-204},
      Year = {2000} }



@article{
myuforbro00,
   Author = {Myung, I. J. and Forster, M. R. and Browne, M. W.},
   Title = {Guest editors' introduction: Special issue on model selection},
   Journal = {Journal of Mathematical Psychology},
   Volume = {44},
   Pages = {1-2},
      Year = {2000} }



@incollection{
myupit02,
   Author = {Myung, I. J. and Pitt, M. A.},
   Title = {Model evaluation, testing and selection},
   BookTitle = {Handbook of Cognition},
   Editor = {Lambert, K. and Goldstone, R. L.},
   Address = {Sage Publication},
      Year = {in press} }



@phdthesis{
nav98,
   Author = {Navarro, D. J.},
   Title = {Parallel Forms of the Trail Making Test and Their Relationship to the Perception of Optimal Structure},
   School = {University of Adelaide},
   Type = {Honours},
   Keywords = {trail making test
travelling salesman problem},
   Year = {1998} }



@article{
navlee01,
   Author = {Navarro, D. J. and Lee, M. D.},
   Title = {Clustering using the contrast model},
   Journal = {Proceedings of the 23rd Annual Conference of the Cognitive Science Society},
   Pages = {686-691},
      Year = {2001} }



@article{
navlee01b,
   Author = {Navarro, D. J. and Lee, M. D.},
   Title = {Spatial visualisation of document similarity},
   Journal = {Proceedings of the Defence Human Factors Special Interest Group Meeting, August, 2001},
   Pages = {39-44},
      Year = {2001} }



@phdthesis{
nav02,
   Author = {Navarro, D. J.},
   Title = {Representing Stimulus Similarity},
   School = {University of Adelaide},
   Type = {Unpublished PhD thesis},
      Year = {2002} }



@article{
navlee02,
   Author = {Navarro, D. J. and Lee, M. D.},
   Title = {Commonalities and distinctions in featural stimulus representations},
   Journal = {Proceedings of the 24th Annual Conference of the Cognitive Science Society},
      Year = {in press} }



@article{
navleesub,
   Author = {Navarro, D. J. and Lee, M. D.},
   Title = {Common and distinctive features in stimulus representation: A modified version of the contrast model},
   Journal = {Manuscript submitted for publication},
      Year = {submitted} }



@article{
navsub,
   Author = {Navarro, D. J.},
   Title = {Regarding the complexity of additive clustering models: Comment on Lee (2001).},
   Journal = {Manuscript submitted for publication},
      Year = {submitted} }



@article{
new80,
   Author = {Newell, A.},
   Title = {Physical symbol systems},
   Journal = {Cognitive Science},
   Volume = {4},
   Pages = {135-183},
      Year = {1980} }



@book{
new90,
   Author = {Newell, A.},
   Title = {Unified Theories of Cognition},
   Publisher = {Harvard University Press},
   Address = {Cambridge, MA},
      Year = {1990} }



@article{
neypea33,
   Author = {Neyman, J. and Pearson, K.},
   Title = {On the problem of the most efficient tests of statistical hypotheses},
   Journal = {Philosophical Transactions of the Royal Society of London},
   Volume = {231},
   Pages = {289-337},
      Year = {1933} }



@book{
nocwri99,
   Author = {Nocedal, J. and Wright, S. J.},
   Title = {Numerical Optimization},
   Publisher = {Springer-Verlag},
   Address = {New York},
      Year = {1999} }



@article{
nos84,
   Author = {Nosofsky, R. M.},
   Title = {Choice, similarity and the context theory of classification},
   Journal = {Journal of Experimental Psychology: Learning, Memory, and Cognition},
   Volume = {10},
   Number = {1},
   Pages = {104-114},
      Year = {1984} }



@article{
nos86,
   Author = {Nosofsky, R. M.},
   Title = {Attention, similarity, and the identification-categorization relationship},
   Journal = {Journal of Experimental Psychology: General},
   Volume = {115},
   Number = {1},
   Pages = {39-57},
      Year = {1986} }



@article{
nos88,
   Author = {Nosofsky, R. M.},
   Title = {Similarity, frequency, and category representations},
   Journal = {Journal of Experimental Psychology: Learning, Memory and Cognition},
   Volume = {14},
   Number = {1},
   Pages = {54-65},
      Year = {1988} }



@article{
nosclashi89,
   Author = {Nosofsky, R. M and Clark, S. E. and Shin, H. J.},
   Title = {Rules and exemplars in categorization, identification and recognition},
   Journal = {Journal of Experimental Psychology: Learning, Memory, and Cognition},
   Volume = {15},
   Pages = {282-304},
      Year = {1989} }



@article{
nos92,
   Author = {Nosofsky, R. M.},
   Title = {Similarity scaling and cognitive process models},
   Journal = {Annual Review of Psychology},
   Volume = {43},
   Pages = {25-53},
      Year = {1992} }



@article{
noskrumck92,
   Author = {Nosofsky, R. M. and Kruschke, J. K. and McKinley, S. C.},
   Title = {Combining exemplar-based category representations and connectionist learning rules},
   Journal = {Journal of Experimental Psychology: Learning, Memory and Cognition},
   Volume = {18},
   Number = {2},
   Pages = {211-233},
      Year = {1992} }



@article{
noskru92,
   Author = {Nosofsky, R. M. and Kruschke, J. K.},
   Title = {Investigations of an exemplar-based connectionist model of category learning},
   Journal = {The Psychology of Learning and Motivation},
   Volume = {28},
   Pages = {207-250},
      Year = {1992} }



@incollection{
nos92b,
   Author = {Nosofsky, R. M},
   Title = {Exemplars, prototypes, and similarity rules},
   BookTitle = {Essays in Honor of William K. Estes},
   Editor = {Healy, A. and Kosslyn, S. and Shiffrin, R.},
   Publisher = {Erlbaum},
   Address = {Hillsdale, NJ},
   Pages = {149-167},
      Year = {1992} }



@article{
nosglupalmckgla94,
   Author = {Nosofsky, R. M. and Gluck, M. A. and Palmeri, T. J. and McKinley, S. C. and Glauthier, P.},
   Title = {Comparing models of rule-based classification learning: A replication and extension of Shepard, Hovland, and Jenkins (1961)},
   Journal = {Memory and Cognition},
   Volume = {22},
   Number = {3},
   Pages = {352-369},
      Year = {1994} }



@article{
nosjoh00,
   Author = {Nosofsky, R. M and Johansen, M. K.},
   Title = {Exemplar-based accounts of "multiple-system" phenomena in perceptual categorization},
   Journal = {Psychonomic Bulletin and Review},
   Volume = {7},
   Number = {3},
   Pages = {375-402},
      Year = {2000} }



@article{
odolee02,
   Author = {O'Doherty, K. C. and Lee, M. D.},
   Title = {The featural representation of animals based on similarity.},
   Journal = {Australian Journal of Psychology},
      Year = {2002} }



@incollection{
ort88,
   Author = {Orth, B.},
   Title = {Representing similarities by distance graphs: Monotonic network analysis (MONA)},
   BookTitle = {Classification and Related Methods of Data Analysis},
   Editor = {Bock, H. H},
   Publisher = {Elsevier},
   Address = {Amsterdam},
   Pages = {489-494},
      Year = {1988} }



@article{
osh87,
   Author = {Osherson, D. N.},
   Title = {New axioms for the contrast model of similarity},
   Journal = {Journal of Mathematical Psychology},
   Volume = {31},
   Pages = {93-103},
      Year = {1987} }



@article{
oshsmi90,
   Author = {Osherson, D. N. and Smith, E. E. and Wilkie, O. and Lopez, A. and Shafir, E.},
   Title = {Category-based induction},
   Journal = {Psychological Review},
   Volume = {97},
   Pages = {185-200},
      Year = {1990} }



@article{
par64,
   Author = {Parhtasarathy, K. R.},
   Title = {Enumeration of paths in digraphs},
   Journal = {Psychometrika},
   Volume = {29},
   Number = {2},
   Pages = {153-165},
      Year = {1964} }



@incollection{
pas87,
   Author = {Pastore, R. E.},
   Title = {Categorical perception: Some psychophysical models},
   BookTitle = {Categorical Perception},
   Editor = {Harnad, S.},
   Publisher = {University Press},
   Address = {Cambridge},
      Year = {1987} }



@book{
peijursau92,
   Author = {Peitgen, H. O. and Jurgens, H. and Saupe, D.},
   Title = {Chaos and Fractals: New Frontiers of Science},
   Publisher = {Springer-Verlag},
   Address = {New York},
      Year = {1992} }



@incollection{
pevhar97,
   Author = {Pevtzow, R. and Harnad, S.},
   Title = {Warping similarity space in category learning by human subjects: The role of task difficulty},
   BookTitle = {Proceedings of SimCat 1997: Interdisciplinary Workshop on Similarity and Categorization},
   Editor = {Ramscar, M. and Hahn, U. and Cambouropolos, E. and Pain, H.},
   Publisher = {Department of Artificial Intelligence, Edinburgh University},
   Address = {Edinburgh},
   Pages = {189-195},
      Year = {1997} }



@book{
pin94,
   Author = {Pinker, S.},
   Title = {The Language Instinct},
   Publisher = {Penguin},
   Address = {London},
      Year = {1994} }



@book{
pin98,
   Author = {Pinker, S.},
   Title = {How the Mind Works},
   Publisher = {The Softback Preview},
   Address = {Great Britain},
      Year = {1998} }



@article{
pin89,
   Author = {Pintsov, D. A.},
   Title = {Invariant pattern recognition, symmetry, and Radon transforms},
   Journal = {Journal of the Optical Society of America A},
   Volume = {6},
   Number = {10},
   Pages = {1544-1554},
      Year = {1989} }



@article{
pitmyuzha02,
   Author = {Pitt, M. A. and Myung, I. J. and Zhang, S.},
   Title = {Toward a method of selecting among computational models of cognition},
   Journal = {Psychological Review},
      Year = {in press} }



@article{
pitkimmyu02,
   Author = {Pitt, M. A. and Kim, W. and Myung, I. J.},
   Title = {Flexibility versus generalizability in model selection},
   Journal = {Psychonomic Bulletin and Review},
      Year = {in press} }



@article{
pol74,
   Author = {Polivanova, N. I.},
   Title = {[Functional and structural aspects of the visual components of intuition in problem solving]},
   Journal = {Voprosy Psikhologii},
   Volume = {4},
   Pages = {41-51},
      Year = {1974} }



@incollection{
pom81,
   Author = {Pomerantz, J. R.},
   Title = {Perceptual organization in information processing},
   BookTitle = {Perceptual Organization},
   Editor = {Kubovy, M. and Pomerantz, J. R.},
   Publisher = {Lawrence Erlbaum},
   Address = {Hillsdale, NJ},
   Pages = {141-180},
      Year = {1981} }



@book{
porvan95,
   Author = {Port, R. F. and van Gelder, T.},
   Title = {Mind as Motion: Explorations in the Dynamics of Cognition},
   Publisher = {MIT Press},
   Address = {Cambridge, MA},
      Year = {1995} }



@incollection{
pow74,
   Author = {Powell, M. J. D.},
   Title = {Introduction to constrained optimization},
   BookTitle = {Numerical Methods for Constrained Optimization},
   Editor = {Gill, P. E. and Murray, W.},
   Publisher = {Academic Press},
   Address = {London},
      Year = {1974} }



@article{
pow77,
   Author = {Powell, M. J. D.},
   Title = {Restart methods for the conjugate-gradient method},
   Journal = {Mathematical Programming},
   Volume = {12},
   Pages = {241-254},
      Year = {1977} }



@book{
preflateu86,
   Author = {Press, W. H. and Flannery, B. P. and Teukolsky, S. A. and Vetterling, W. T.},
   Title = {Numerical Recipes: The Art of Scientific Computing},
   Publisher = {Cambridge University Press},
   Address = {Cambridge},
      Year = {1986} }



@article{
prutvecar82,
   Author = {Pruzansky, S. and Tversky, A. and Carroll, J. D.},
   Title = {Spatial versus tree representations of proximity data},
   Journal = {Psychometrika},
   Volume = {47},
   Pages = {3-24},
      Year = {1982} }



@book{
pyl84,
   Author = {Pylyshyn, Z. W.},
   Title = {Computation and Cognition: Toward a Foundation for Cognitive Science},
   Publisher = {MIT Press},
   Address = {Cambridge, MA},
      Year = {1984} }



@incollection{
raf95,
   Author = {Raftery, A. E.},
   Title = {Bayesian model selection in social research},
   BookTitle = {Sociological Methodology},
   Editor = {Marsden, P. V.},
   Publisher = {Blackwells},
   Address = {Oxford, U. K.},
   Pages = {111-196},
      Year = {1995} }



@incollection{
raf95b,
   Author = {Raftery, A. E.},
   Title = {Rejoinder: Model selection is unavoidable in social research},
   BookTitle = {Sociological Methodology},
   Editor = {Marsden, P. V.},
   Publisher = {Blackwells},
   Address = {Cambridge, MA},
   Pages = {?},
      Year = {1995} }



@article{
rai94,
   Author = {Raichle, M. E.},
   Title = {Images of the mind: Studies with Modern Imaging Techniques},
   Journal = {Annual Review of Psychology},
   Volume = {45},
   Pages = {333-356},
      Year = {1994} }



@book{
reiniedeo77,
   Author = {Reingold, E. M. and Nievergelt, J. and Deo, N.},
   Title = {Combinatorial Algorithms: Theory and Practice},
   Publisher = {Prentice-Hall},
   Address = {Englewood Cliffs, NJ},
      Year = {1977} }



@article{
rei55,
   Author = {Reitan, R. M.},
   Title = {The relation of the Trail Making Test to organic brain damage},
   Journal = {Journal of Consulting Psychology},
   Volume = {19},
   Pages = {393-395},
      Year = {1955} }



@article{
rei58,
   Author = {Reitan, R. M.},
   Title = {The validity of the Trail Making Test as an indicator of organic brain damage},
   Journal = {Perceptual and Motor Skills},
   Volume = {8},
   Pages = {271-276},
      Year = {1958} }



@article{
reitar59,
   Author = {Reitan, R. M. and Tarshes, E. L.},
   Title = {Differential effects of lateralised brain lesions on the Trail Making Test},
   Journal = {Journal of Nervous and Mental Disease},
   Volume = {129},
   Pages = {257-262},
      Year = {1959} }



@book{
rei92,
   Author = {Reitan, R. M.},
   Title = {Trail Making Test: Manual for Administration and Scoring},
   Publisher = {Neuropsychology Laboratory},
   Address = {Tucson},
      Year = {1992} }



@article{
res59,
   Author = {Restle, F.},
   Title = {A metric and an ordering on sets},
   Journal = {Psychometrika},
   Volume = {24},
   Number = {3},
   Pages = {207-220},
      Year = {1959} }



@book{
res61,
   Author = {Restle, F.},
   Title = {Psychology of Judgement  and Choice},
   Publisher = {Academic Press},
   Address = {New York, NY},
      Year = {1961} }



@article{
richan85,
   Author = {Richards, J. T. and Hanson, V. L.},
   Title = {Visual and production similarity of the handshapes of the American manual alphabet},
   Journal = {Perception and psychophysics},
   Volume = {38},
   Number = {4},
   Pages = {311-319},
      Year = {1985} }



@article{
rickoe95,
   Author = {Richards, W. and Koenderink, J. J.},
   Title = {Trajectory mapping: A new nonmetric scaling technique},
   Journal = {Perception},
   Volume = {24},
   Pages = {1315-1331},
      Year = {1995} }



@incollection{
rip89,
   Author = {Rips, L. J.},
   Title = {Similarity, typicality and categorization},
   BookTitle = {Similarity and Analogical Reasoning},
   Editor = {Vosniadou, S. and Ortony, A.},
   Publisher = {Cambridge University Press},
   Address = {Cambridge},
   Pages = {21-59},
      Year = {1989} }



@article{
ris78,
   Author = {Rissanen, J.},
   Title = {Modeling by shortest data description},
   Journal = {Automatica},
   Volume = {14},
   Pages = {465-471},
      Year = {1978} }



@article{
ris83,
   Author = {Rissanen, J.},
   Title = {A universal prior for integers and estimation by minimum description length},
   Journal = {The Annals of Statistics},
   Volume = {11},
   Number = {2},
   Pages = {416-431},
      Year = {1983} }



@article{
ris84,
   Author = {Rissanen, J.},
   Title = {Universal coding, information, prediction, and estimation},
   Journal = {IEEE Transactions on Information Theory},
   Volume = {30},
   Number = {4},
   Pages = {629-636},
      Year = {1984} }



@article{
ris86,
   Author = {Rissanen, J.},
   Title = {Stochastic complexity and modeling},
   Journal = {The Annals of Statistics},
   Volume = {14},
   Number = {3},
   Pages = {1080-1100},
      Year = {1986} }



@article{
ris87,
   Author = {Rissanen, J.},
   Title = {Stochastic complexity and the MDL principle},
   Journal = {Econometric Reviews},
   Volume = {6},
   Number = {1},
   Pages = {85-102},
      Year = {1987} }



@article{
ris87b,
   Author = {Rissanen, J.},
   Title = {Stochastic complexity},
   Journal = {Journal of the Royal Statistical Society, Series B},
   Volume = {49},
   Number = {3},
   Pages = {252-239},
      Year = {1987} }



@article{
ris96,
   Author = {Rissanen, J.},
   Title = {Fisher information and stochastic complexity},
   Journal = {IEEE Transactions on Information Theory},
   Volume = {42},
   Number = {1},
   Pages = {40-47},
      Year = {1996} }



@article{
ritgattve90,
   Author = {Ritov, I. and Gati, I. and Tversky, A.},
   Title = {Differential weighting of common and distinctive components},
   Journal = {Journal of Experimental Psychology: General},
   Volume = {119},
   Number = {1},
   Pages = {30-41},
      Year = {1990} }



@article{
ritgattve90b,
   Author = {Ritov, I. and Gati, I. and Tversky, A.},
   Title = {Reply to Keren},
   Journal = {Journal of Experimental Psychology: General},
   Volume = {119},
   Number = {1},
   Pages = {44},
      Year = {1990} }



@incollection{
ritsch88,
   Author = {Ritter, H. and Schulten, K.},
   Title = {Extending Kohonen's self-organizing mapping algorithm to learn ballistic movements},
   BookTitle = {Neural Computers},
   Editor = {Eckmiller, R. and von der Malsburg, C.},
   Series = {NATO ASI Series},
   Publisher = {Springer-Verlag},
   Address = {Berlin},
   Volume = {F41},
   Pages = {393-406},
      Year = {1988} }



@article{
rit90,
   Author = {Ritter, H.},
   Title = {Self-organising maps for internal representations},
   Journal = {Psychological Research},
   Volume = {52},
   Number = {2-3},
   Pages = {128-136},
      Year = {1990} }



@article{
robpas00,
   Author = {Roberts, S. and Pashler, H.},
   Title = {How persuasive is a good fit? A comment on theory testing},
   Journal = {Psychological Review},
   Volume = {107},
   Number = {2},
   Pages = {358-367},
      Year = {2000} }



@article{
roh02,
   Author = {Rohde, D. L. T.},
   Title = {Methods for binary multidimensional scaling},
   Journal = {Neural Computation},
      Year = {in press} }



@article{
rombrebat93,
   Author = {Romney, A. K. and Brewer, D. D. and Batchelder, W. H.},
   Title = {Predicting clustering from semantic structure},
   Journal = {Psychological Science},
   Volume = {4},
   Number = {1},
   Pages = {28-34},
      Year = {1993} }



@article{
ror99,
   Author = {Rorvig, M.},
   Title = {Images of similarity: A visual exploration of optimal similarity metrics and scaling properties of TREC document sets},
   Journal = {Journa of the American Society for Information Science},
   Volume = {50},
   Number = {8},
   Pages = {639-651},
      Year = {1999} }



@article{
rosmer75,
   Author = {Rosch, E. and Mervis, C. B.},
   Title = {Family resemblances: Studies in the internal structure of categories},
   Journal = {Cognitive Psychology},
   Volume = {7},
   Pages = {573-605},
      Year = {1975} }



@article{
ros75,
   Author = {Rosch, E.},
   Title = {Cognitive representations of semantic categories},
   Journal = {Journal of Experimental Psychology: General},
   Volume = {104},
   Number = {3},
   Pages = {192-233},
      Year = {1975} }



@article{
rosmergra76,
   Author = {Rosch, E. and Mervis, C. B. and Gray, W. D. and Johnson, D. M. and Boyes-Braem, P.},
   Title = {Basic objects in natural categories},
   Journal = {Cognitive Psychology},
   Volume = {8},
   Pages = {382-439},
      Year = {1976} }



@incollection{
ros78,
   Author = {Rosch, E.},
   Title = {Principles of categorization},
   BookTitle = {Cognition and Categorization},
   Editor = {Rosch, E. and Lloyd, B. B.},
   Publisher = {Erlbaum},
   Address = {Hillsdale, NJ},
   Pages = {27-77},
      Year = {1978} }



@article{
roskim75,
   Author = {Rosenberg, S. and Kim, M. P.},
   Title = {The method of sorting as a data-gathering procedure in multivariate research},
   Journal = {Multivariate Behavioral Research},
   Volume = {10},
   Pages = {489-502},
      Year = {1975} }



@article{
roskar94,
   Author = {Rossini, E. D. and Karl, M. A.},
   Title = {The Trail Making Test A and B: A technical note on structural non-equivalence},
   Journal = {Perceptual and Motor Skills},
   Volume = {78},
   Pages = {625-626},
      Year = {1994} }



@article{
rub94,
   Author = {Rubinstein, J.},
   Title = {Neural models of mental transformations and invariants},
   Journal = {Journal of Mathematical Psychology},
   Volume = {38},
   Pages = {149-158},
      Year = {1994} }



@book{
rummcc86,
   Editor = {Rumelhart, D. E. and McClelland, J. E.},
   Title = {Parallel Distributed Processing: Explorations in the Microstructure of Cognition. Vol. 1: Foundations},
   Publisher = {MIT Press},
   Address = {Cambridge, MA},
   Volume = {1},
      Year = {1986} }



@incollection{
rumzip86,
   Author = {Rumelhart, D. E. and Zipser, D.},
   Title = {Feature discovery by competetive learning},
   BookTitle = {Parallel Distributed Processing: Explorations in the Microstructure of Cognition. Vol. 1: Foundations},
   Editor = {Rumelhart, D. E. and McClelland, J. L.},
   Publisher = {MIT Press},
   Address = {Cambridge, MA},
      Year = {1986} }



@incollection{
rumhinwil86,
   Author = {Rumelhart, D. E. and Hinton, G. E. and Williams, R. J.},
   Title = {Learning internal representations by error propagation},
   BookTitle = {Parallel Distributed Processing: Explorations in the Microstructure of Cognition. Vol. 1: Foundations},
   Editor = {Rumelhart, D. E. and McClelland, J. L.},
   Publisher = {MIT Press},
   Address = {Cambridge, MA},
   Pages = {151-193},
      Year = {1986} }



@incollection{
rumsmomcchin86,
   Author = {Rumelhart, D. E. and Smolensky, P. and McClelland, J. L. and Hinton, G. E.},
   Title = {Schemata and sequential thought processes in PDP models},
   BookTitle = {Parallel Distributed Processing: Explorations in the Microstructure of Cognition. Vol. 2: Psychological and Biological Models},
   Editor = {McClelland, J. L. and Rumelhart, D. E.},
   Publisher = {MIT Press},
   Address = {Cambridge, MA},
   Pages = {7-57},
      Year = {1986} }



@inproceedings{
rus86,
   Author = {Russell, S. J.},
   Title = {A quantitative analysis of analogy by similarity},
   BookTitle = {Proceedings of the National Conference on Artificial Intelligence},
   Address= {Philadelphia, PA},
   Publisher = {AAAI},
   Pages = {284-288},
      Year = {1986} }



@incollection{
rya74,
   Author = {Ryan, D. M.},
   Title = {Penalty  and barrier functions},
   BookTitle = {Numerical Methods for Constrained Optimization},
   Editor = {Gill, P. E. and Murray, W.},
   Publisher = {Academic Press},
   Address = {London},
      Year = {1974} }



@article{
saland01,
   Author = {Salvucci, D. D. and Anderson, J. R.},
   Title = {Integrating analogical mapping and general problem solving: the path-mapping theory},
   Journal = {Cognitive Science},
   Volume = {25},
   Pages = {67-110},
      Year = {2001} }



@article{
san96,
   Author = {Sandau, K.},
   Title = {A note on fractal sets and the measurement of fractal dimension},
   Journal = {Physica A},
   Volume = {233},
   Pages = {1-18},
      Year = {1996} }



@article{
sattve77,
   Author = {Sattath, S. and Tversky, A.},
   Title = {Additive similarity trees},
   Journal = {Psychometrika},
   Volume = {42},
   Pages = {319-345},
      Year = {1977} }



@article{
sattve87,
   Author = {Sattath, S. and Tversky, A.},
   Title = {On the relation between common and distinctive feature models},
   Journal = {Psychological Review},
   Volume = {94},
   Number = {1},
   Pages = {16-22},
      Year = {1987} }



@article{
schsat89,
   Author = {Schear, J. M. and Sato, S. D.},
   Title = {Effects of visual acuity and visual motor speed, and dexterity on cognitive test performance},
   Journal = {Archives of Clinical Neuropsychology},
   Volume = {4},
   Pages = {25-32},
      Year = {1989} }



@book{
schreyyou81,
   Author = {Schiffman, S. S. and Reynolds, M. L. and Young, F. W.},
   Title = {Introduction to Multidimensional Scaling},
   Publisher = {Academic Press},
   Address = {New York},
      Year = {1981} }



@article{
schdorkie85,
   Author = {Schonemann, P. H. and Dorcey, T. and Kienapple, K.},
   Title = {Subadditive concatenation in dissimilarity judgments},
   Journal = {Perception and Psychophysics},
   Volume = {38},
   Pages = {1-17},
      Year = {1985} }



@article{
schlaz87,
   Author = {Schonemann, P. H. and Lazarte, A.},
   Title = {Psychophysical maps for subadditive dissimilarity ratings},
   Journal = {Perception and Psychophysics},
   Volume = {42},
   Number = {4},
   Pages = {342-354},
      Year = {1987} }



@article{
schhub75,
   Author = {Schultz, J. and Hubert, L.},
   Title = {An empirical evaluation of an approximate result in random graph theory},
   Journal = {British Journal of Mathematical and Statistical Psychology},
   Volume = {28},
   Pages = {103-111},
      Year = {1975} }



@article{
sch89,
   Author = {Schulze, H.-H.},
   Title = {Categorical perception of rhythmic patterns},
   Journal = {Psychological Research},
   Volume = {51},
   Pages = {10-15},
      Year = {1989} }



@article{
schdeadur88,
   Author = {Schvaneveldt, R. W. and Dearholt, D. W. and Durso, F. T.},
   Title = {Graph theoretic foundations of pathfinder networks},
   Journal = {Computers and Mathematics with Applications},
   Volume = {15},
   Number = {4},
   Pages = {337-345},
      Year = {1988} }



@book{
sch90,
   Editor = {Schvaneveldt, R. W.},
   Title = {Pathfinder Associative Networks: Studies in Knowledge Organization},
   Publisher = {Ablex},
   Address = {Norwood, NJ},
      Year = {1990} }



@article{
sch78,
   Author = {Schwarz, G.},
   Title = {Estimating the dimension of a model},
   Journal = {The Annals of Statistics},
   Volume = {6},
   Number = {2},
   Pages = {461-464},
      Year = {1978} }



@article{
sei00,
   Author = {Seitz, J. A.},
   Title = {The bodily basis of thought},
   Journal = {New Ideas in Psychology},
   Volume = {18},
   Pages = {23-40},
      Year = {2000} }



@article{
sha90,
   Author = {Shanks, D. R.},
   Title = {Connectionism and the learning of probabilistic concepts},
   Journal = {The Quarterly Journal of Experimental Psychology},
   Volume = {42A},
   Number = {2},
   Pages = {209-237},
      Year = {1990} }



@article{
sha90b,
   Author = {Shanks, D. R.},
   Title = {Connectionism and human learning: Critique of Gluck and Bower (1988)},
   Journal = {Journal of Experimental Psychology: General},
   Volume = {119},
   Number = {1},
   Pages = {101-104},
      Year = {1990} }



@article{
shaglu94,
   Author = {Shanks, D. R. and Gluck, M. A.},
   Title = {Tests of an adaptive network model for the identification and categorization of continuous-dimension stimuli},
   Journal = {Connection Science},
   Volume = {6},
   Number = {1},
   Pages = {59-89},
      Year = {1994} }



@book{
shawea49,
   Author = {Shannon, C. E. and Weaver, W.},
   Title = {The Mathematical Theory of Communication},
   Publisher = {University of Illinois Press},
   Address = {Urbana},
      Year = {1949} }



@article{
sha88,
   Author = {Shannon, B.},
   Title = {On the similarity of features},
   Journal = {New Ideas in Psychology},
   Volume = {6},
   Number = {3},
   Pages = {307-321},
      Year = {1988} }



@article{
she57,
   Author = {Shepard, R. N.},
   Title = {Stimulus and response generalization: A stochastic model relating generalization to distance in psychological space},
   Journal = {Psychometrika},
   Volume = {22},
   Number = {4},
   Pages = {325-345},
      Year = {1957} }



@article{
she58,
   Author = {Shepard, R. N.},
   Title = {Stimulus and response generalization: Deduction of the generalization gradient from a trace model},
   Journal = {Psychological Review},
   Volume = {65},
   Number = {4},
   Pages = {242-256},
      Year = {1958} }



@article{
shehovjen61,
   Author = {Shepard, R. N. and Hovland, C. I. and Jenkins, H. M.},
   Title = {Learning and memorization of classifications},
   Journal = {Psychological Monographs: General and Applied},
   Volume = {75},
   Number = {13},
   Pages = {1-42},
      Year = {1961} }



@article{
she62b,
   Author = {Shepard, R. N.},
   Title = {The analysis of proximities: Multidimensional scaling with an unknown distance function. II.},
   Journal = {Psychometrika},
   Volume = {27},
   Number = {3},
   Pages = {219-246},
      Year = {1962} }



@article{
she62,
   Author = {Shepard, R. N.},
   Title = {The analysis of proximities: Multidimensional scaling with an unknown distance function. I.},
   Journal = {Psychometrika},
   Volume = {27},
   Number = {2},
   Pages = {125-140},
      Year = {1962} }



@article{
she64,
   Author = {Shepard, R. N.},
   Title = {Attention and the metric structure of the similarity space},
   Journal = {Journal of Mathematical Psychology},
   Volume = {1},
   Pages = {54-87},
      Year = {1964} }



@incollection{
she72,
   Author = {Shepard, R. N.},
   Title = {Psychological representation of speech sounds},
   BookTitle = {Human Communication: A Unified View},
   Editor = {David, E. E. and Denes, P. B.},
   Publisher = {McGraw Hill},
   Address = {New York, NY},
   Pages = {67-113},
      Year = {1972} }



@article{
she74,
   Author = {Shepard, R. N.},
   Title = {Representation of structure in similarity data: Problems and prospects},
   Journal = {Psychometrika},
   Volume = {39},
   Number = {4},
   Pages = {373-422},
      Year = {1974} }



@article{
shekilcun75,
   Author = {Shepard, R. N. and Kilpatric, D. W. and Cunningham, J. P.},
   Title = {The internal representation of numbers},
   Journal = {Cognitive Psychology},
   Volume = {7},
   Pages = {82-138},
      Year = {1975} }



@article{
sheara79,
   Author = {Shepard, R. N. and Arabie, P.},
   Title = {Additive clustering representations of similarities as combinations of discrete overlapping properties},
   Journal = {Psychological Review},
   Volume = {86},
   Number = {2},
   Pages = {87-123},
      Year = {1979} }



@article{
she80,
   Author = {Shepard, R. N.},
   Title = {Multidimensional scaling, tree-fitting, and clustering},
   Journal = {Science},
   Volume = {210},
   Pages = {390-398},
      Year = {1980} }



@incollection{
she81,
   Author = {Shepard, R. N.},
   Title = {Psychophysical complementarity},
   BookTitle = {Perceptual Organization},
   Editor = {Kubovy, M. and Pomerantz, J. R.},
   Publisher = {Erlbaum},
   Address = {Hillsdale, NJ},
   Pages = {279-341},
      Year = {1981} }



@book{
shecoo82,
   Author = {Shepard, R. N. and Cooper, L. A.},
   Title = {Mental Images and Their Transformations},
   Publisher = {MIT Press},
   Address = {Cambridge, MA},
      Year = {1982} }



@article{
she84,
   Author = {Shepard, R. N.},
   Title = {Ecological constraints on internal representation: Resonant kinematics of perceiving, imagining, thnking and dreaming},
   Journal = {Psychological Review},
   Volume = {91},
   Number = {4},
   Pages = {417-447},
      Year = {1984} }



@article{
she86,
   Author = {Shepard, R. N.},
   Title = {Discrimination and generalization in identification and classification: Comment on Nosofsky},
   Journal = {Journal of Experimental Psychology: General},
   Volume = {115},
   Number = {1},
   Pages = {58-61},
      Year = {1986} }



@article{
she87,
   Author = {Shepard, R. N.},
   Title = {Toward a universal law of generalization for psychological science},
   Journal = {Science},
   Volume = {237},
   Pages = {1317-1323},
      Year = {1987} }



@article{
she88a,
   Author = {Shepard, R. N.},
   Title = {Toward a universal law of generalization},
   Journal = {Science},
   Volume = {242??},
   Pages = {944},
      Year = {1988} }



@article{
she88b,
   Author = {Shepard, R. N.},
   Title = {Time and distance in generalization and discrimination: Reply to Ennis (1988)},
   Journal = {Journal of Experimental Psychology: General},
   Volume = {117},
   Number = {4},
   Pages = {415-416},
      Year = {1988} }



@article{
she90,
   Author = {Shepard, R. N.},
   Title = {Neural nets for generalization and classification: Comment on Staddon and Reid (1990)},
   Journal = {Psychological Review},
   Volume = {97},
   Number = {4},
   Pages = {579-580},
      Year = {1990} }



@incollection{
she91,
   Author = {Shepard, R. N.},
   Title = {Integrality versus separability of stimulus dimensions: From an early convergence of evidence to a proposed theoretical basis},
   BookTitle = {The Perception of Structure: Essays in Honor of Wendell R. Garner},
   Editor = {Pomerantz, J. R. and Lockhead, G. L.},
   Publisher = {American Psychological Association},
   Address = {Washington, DC},
   Pages = {53-71},
      Year = {1991} }



@article{
shekan91,
   Author = {Shepard, R. N. and Kannappan, S.},
   Title = {Connectionist implementation of a theory of generalization},
   Journal = {Advances in Neural Information Processing Systems},
   Volume = {3},
   Pages = {665-671},
      Year = {1991} }



@incollection{
she92,
   Author = {Shepard, R. N.},
   Title = {The perceptual organization of colors: An  adaptation to regularities of the terrestrial world?},
   BookTitle = {The Adapted Mind: Evolutionary Psychology and the Generation of Culture},
   Editor = {Barkow, J. H. and Cosmides, L. and Tooby, J.},
   Publisher = {Oxford University Press},
   Address = {New York, NY},
      Year = {1992} }



@article{
she94,
   Author = {Shepard, R. N.},
   Title = {Perceptual-cognitive universal as reflections of the world},
   Journal = {Psychonomic Bulletin and Review},
   Volume = {1},
   Number = {1},
   Pages = {2-28},
      Year = {1994} }



@article{
shi88,
   Author = {Shiina, K.},
   Title = {A fuzzy-set-theoretic feature model and its application to asymmetric similarity data analysis},
   Journal = {Japanese Psychological Research},
   Volume = {30},
   Number = {3},
   Pages = {95-104},
      Year = {1988} }



@article{
sim56,
   Author = {Simon, H.},
   Title = {Rational choice and the structure of the environment},
   Journal = {Psychological Review},
   Volume = {63},
   Number = {2},
   Pages = {129-138},
      Year = {1956} }



@incollection{
sim72,
   Author = {Simon, H.},
   Title = {Theories of bounded rationality},
   BookTitle = {Decision and Organization},
   Editor = {Radner, C. B. and Radner, R.},
   Publisher = {North-Holland},
   Address = {Amsterdam},
   Pages = {161-176},
      Year = {1972} }



@book{
sim82,
   Author = {Simon, H.},
   Title = {Models of Bounded Rationality},
   Publisher = {MIT Press},
   Address = {Cambridge, MA},
      Year = {1982} }



@book{
smimed81,
   Author = {Smith, E. E. and Medin, D. L.},
   Title = {Categories and Concepts},
   Publisher = {Harvard University Press},
   Address = {Cambridge, MA},
      Year = {1981} }



@incollection{
smi89,
   Author = {Smith, E. E.},
   Title = {Concepts and induction},
   BookTitle = {Foundations of Cognitive Science},
   Editor = {Posner, M. I.},
   Publisher = {MIT Press},
   Address = {Cambridge, MA},
   Pages = {501-526},
      Year = {1989} }



@incollection{
smi89b,
   Author = {Smith, L.},
   Title = {From global similarities to kinds of similarities: The construction of dimensions in development},
   BookTitle = {Similarity and Analogical Reasoning},
   Editor = {Vosniadou, S. and Ortony, A.},
   Publisher = {Cambridge University Press},
   Address = {Cambridge},
   Pages = {146-178},
      Year = {1989} }



@article{
smo88,
   Author = {Smolensky, P.},
   Title = {On the proper treatment of connectionism},
   Journal = {Behavioral and Brain Sciences},
   Volume = {11},
   Number = {1},
   Pages = {1-74},
      Year = {1988} }



@article{
sne57,
   Author = {Sneath, P. H. A.},
   Title = {The application of computers to taxonomy},
   Journal = {The Journal of General Microbiology},
   Volume = {17},
   Pages = {201-206},
      Year = {1957} }



@book{
soksne63,
   Author = {Sokal, R. R. and Sneath, P. H. A.},
   Title = {Principles of Numerical Taxonomy},
   Publisher = {Freeman},
   Address = {San Francisco},
      Year = {1963} }



@article{
sol64,
   Author = {Solomonoff, R. J.},
   Title = {A formal theory of inductive inference. Part I},
   Journal = {Information and Control},
   Volume = {7},
   Pages = {1-22},
      Year = {1964} }



@article{
sol64b,
   Author = {Solomonoff, R. J.},
   Title = {A formal theory of inductive inference. Part II},
   Journal = {Information and Control},
   Volume = {7},
   Pages = {224-254},
      Year = {1964} }



@article{
sorcar99,
   Author = {Soraci, S. A. and Carlin, M. T.},
   Title = {Both sides now: Human symmetry detection},
   Journal = {Journal of Mathematical Psychology},
   Volume = {43},
   Pages = {441-448},
      Year = {1999} }



@article{
starei90,
   Author = {Staddon, J. E. R. and Reid, A. K.},
   Title = {On the dynamics of generalization},
   Journal = {Psychological Review},
   Volume = {97},
   Number = {4},
   Pages = {576-578},
      Year = {1990} }



@article{
stahof76,
   Author = {Stanley, G. and Hoffman, W. C.},
   Title = {Orientation-specific color effects without adaptation},
   Journal = {Bulletin of the Psychonomic Society},
   Volume = {7},
   Number = {6},
   Pages = {513-514},
      Year = {1976} }



@article{
stajensav84,
   Author = {Stanton, B. A. and Jenkins, C. D. and Savageau, J. A. and Zyzanski, S. J. and Aucoin, R.},
   Title = {Age and educational differences on the Trail Making Test and Weschler Memory Scales},
   Journal = {Perceptual and Motor Skills},
   Volume = {58},
   Pages = {311-318},
      Year = {1984} }



@article{
stabrafol88,
   Author = {Starkstein, S.E. and Brandt, J. and Folstein, S. and Strauss, M. and Berthier, M. L. and Perlson, G. D. and Wong, D. and McDonnell, A. and Folstein, M.},
   Title = {Neuropsychological and neuroradiological correlates in Huntington's disease},
   Journal = {Journal of Neurology, Neurosurgery, and Psychiatry},
   Volume = {51},
   Pages = {1259-1263},
      Year = {1988} }



@article{
ste46,
   Author = {Stevens, S. S.},
   Title = {On the theory of scales of measurement},
   Journal = {Science},
   Volume = {103},
   Pages = {677-680},
      Year = {1946} }



@article{
stobotdan84,
   Author = {Storandt, M. and Botwinick, J. and Danziger, W. L. and Berg, L. and Hughes, C. P.},
   Title = {Psychometric differentiation of mild senile dementia of the Alzheimer type},
   Journal = {Archives of Neurology},
   Volume = {41},
   Pages = {497-499},
      Year = {1984} }



@incollection{
stobotdan86,
   Author = {Storandt, M. and Botwinick, J. and Danziger, W. L.},
   Title = {Longitudinal changes: Patients with mild SDAT and matched healthy controls},
   BookTitle = {Handbook for Clinical Memory Assessment of Older Adults},
   Editor = {Poon, L. W.},
   Publisher = {American Psychological Association},
   Address = {Washington, DC},
      Year = {1986} }



@article{
strdit84,
   Author = {Strange, W. and Dittman, S.},
   Title = {Effects of discrimination training on the perception of /r-l/ by Japanese adults learning English},
   Journal = {Perception and Psychophysics},
   Volume = {36},
   Number = {2},
   Pages = {131-145},
      Year = {1984} }



@article{
stustepoi87,
   Author = {Stuss, D. T. and Stetham, L. L. and Poirer, C. A.},
   Title = {Comparison of three tests of attention and rapid information processing across six age groups},
   Journal = {The Clinical Neuropsychologist},
   Volume = {1},
   Pages = {139-152},
      Year = {1987} }



@incollection{
ten96,
   Author = {Tenenbaum, J. B.},
   Title = {Learning the structure of similarity},
   BookTitle = {Advances in Neural Information Processing Systems},
   Editor = {Touretzky, D. S. and Mozer, M. C. and Hasselmo, M. E.},
   Publisher = {MIT Press},
   Address = {Cambridge, MA},
   Pages = {3-9},
      Year = {1996} }



@article{
tendeslan00,
   Author = {Tenenbaum, J. B. and de Silva, V. and Langford, J. C.},
   Title = {A global geometric framework for nonlinear dimensionality reduction},
   Journal = {Science},
   Volume = {290},
   Pages = {2319-2323},
      Year = {2000} }



@article{
tengri01b,
   Author = {Tenenbaum, J. B. and Griffiths, T. L.},
   Title = {The rational basis of representativeness},
   Journal = {23rd Annual Conference of the Cognitive Science Society},
      Year = {2001} }



@article{
tengri02,
   Author = {Tenenbaum, J. B. and Griffiths, T. L.},
   Title = {Generalisation, similarity, and Bayesian inference},
   Journal = {Behavioral and Brain Sciences},
   Volume = {24},
   Pages = {579-616},
      Year = {2002} }



@article{
tengri02b,
   Author = {Tenenbaum, J. B. and Griffiths, T. L.},
   Title = {Some specifics about generalization},
   Journal = {Behavioral and Brain Sciences},
   Volume = {24},
   Pages = {????},
      Year = {2002} }



@article{
the90,
   Author = {Theiler, J.},
   Title = {Estimating fractal dimension},
   Journal = {Journal of the Optical Society of America A},
   Volume = {7},
   Pages = {1055-1073},
      Year = {1990} }



@incollection{
the95,
   Author = {Thelen, E.},
   Title = {Time-scale dynamics and the development of an embodied cognition},
   BookTitle = {Mind as Motion: Explorations in the Dynamics of Cognition},
   Editor = {Port, R. F. and Van Gelder, T.},
   Publisher = {MIT Press},
   Address = {Cambridge, MA},
      Year = {1995} }



@article{
tiekad86,
   Author = {Tierney, L. and Kadane, J. B.},
   Title = {Accurate approximations for posterior moments and marginal densities},
   Journal = {Journal of the American Statistical Association: Theory and Method},
   Volume = {81},
   Pages = {83-86},
      Year = {1986} }



@article{
tiekaskad89,
   Author = {Tierney, L. and Kass, R. E. and Kadane, J. B.},
   Title = {Fully exponential Laplace approximations to expectations and variances of nonpositive functions},
   Journal = {Journal of the American Statistical Association: Theory and Methods},
   Volume = {84},
   Pages = {710-716},
      Year = {1989} }



@incollection{
tijhar97,
   Author = {Tijsseling, A. and Harnad, S.},
   Title = {Warping similarity space in category learning by backprop nets},
   BookTitle = {Proceedings of SimCat 1997: Interdisciplinary Workshop on Similarity and Categorization},
   Editor = {Ramscar, M. and Hahn, U. and Cambouropolos, E. and Pain, H.},
   Publisher = {Department of Artificial Intelligence, Edinburgh University},
   Address = {Edinburgh},
   Pages = {263-269},
      Year = {1997} }



@article{
tor52,
   Author = {Torgerson, W. S.},
   Title = {Multidimensional scaling: I. Theory and method},
   Journal = {Psychometrika},
   Volume = {17},
   Pages = {401-420},
      Year = {1952} }



@book{
tor58,
   Author = {Torgerson, W. S.},
   Title = {Theory and Methods of Scaling},
   Publisher = {Wiley},
   Address = {New York},
      Year = {1958} }



@article{
tregel80,
   Author = {Treisman, A. M. and Gelade, G.},
   Title = {A feature-integration theory of attention},
   Journal = {Cognitive Psychology},
   Volume = {12},
   Pages = {97-136},
      Year = {1980} }



@article{
tvekra70,
   Author = {Tversky, A. and Krantz, D. H.},
   Title = {The dimensional representation of the metric structure of similarity data},
   Journal = {Journal of Mathematical Psychology},
   Volume = {7},
   Pages = {572-596},
      Year = {1970} }



@article{
tve72,
   Author = {Tversky, A.},
   Title = {Elimination by aspects: A theory of choice},
   Journal = {Psychological Review},
   Volume = {79},
   Pages = {281-299},
      Year = {1972} }



@article{
tve77,
   Author = {Tversky, A.},
   Title = {Features of similarity},
   Journal = {Psychological Review},
   Volume = {84},
   Number = {4},
   Pages = {327-352},
      Year = {1977} }



@incollection{
tvegat78,
   Author = {Tversky, A. and Gati, I.},
   Title = {Studies of similarity},
   BookTitle = {Cognition and Categorization},
   Editor = {Rosch, E. and Lloyd, B. B.},
   Publisher = {John Wiley and Sons},
   Address = {Hillsdale, NJ},
   Pages = {79-98},
      Year = {1978} }



@article{
tvegat82,
   Author = {Tversky, A. and Gati, I.},
   Title = {Similarity, separability, and the triangle inequality},
   Journal = {Psychological Review},
   Volume = {89},
   Number = {2},
   Pages = {123-154},
      Year = {1982} }



@article{
tvehut86,
   Author = {Tversky, A. and Hutchinson, J. W.},
   Title = {Nearest neighbor analysis of psychological spaces},
   Journal = {Psychological Review},
   Volume = {93},
   Number = {1},
   Pages = {3-22},
      Year = {1986} }



@article{
vanmalvan84,
   Author = {van der Heijden, A. H. C. and Malhas, M. S. M. and van den Roovaart, B. P.},
   Title = {An empirical interletter confusion matrix for continuous-line capitals},
   Journal = {Perception and Psychophysics},
   Volume = {35},
   Number = {1},
   Pages = {85-88},
      Year = {1984} }



@incollection{
vanpor95,
   Author = {van Gelder, T. and Port, R. F.},
   Title = {It's about time: An overview of the dynamical approach to cognition},
   BookTitle = {Mind as Motion: Explorations in the Dynamics of Cognition},
   Editor = {Port, R. F. and van Gelder, T.},
   Publisher = {MIT Press},
   Address = {Cambridge, MA},
   Pages = {1-43},
      Year = {1995} }



@book{
vic79,
   Author = {Vickers, D.},
   Title = {Decision Processes in Visual Processes},
   Publisher = {Academic Press},
   Address = {New York, NY},
      Year = {1979} }



@article{
vicpac82,
   Author = {Vickers, D. and Packer, J. S.},
   Title = {Effects of alternating set for speed or accuracy on response time, accuracy, and confidence in a unidimensional discrimination task},
   Journal = {Acta Psychologica},
   Volume = {50},
   Pages = {179-197},
      Year = {1982} }



@article{
vicsmibur85,
   Author = {Vickers, D. and Smith, P. L. and Burt, J. and Brown, M.},
   Title = {Experimental paradigms emphasising state or process limitations: II. Effects on confidence},
   Journal = {Acta Psychologica},
   Volume = {59},
   Pages = {163-193},
      Year = {1985} }



@article{
vic96,
   Author = {Vickers, D.},
   Title = {An Erlanger programme for psychology},
   Journal = {Fourth International Social Science Methodology Conference},
      Year = {1996} }



@article{
vicvinmed96,
   Author = {Vickers, D. and Vincent, N. and Medvedev, A.},
   Title = {The geometric structure, construction and interpretation of path-following (trail-making) tests},
   Journal = {Journal of Clinical Psychology},
   Volume = {52},
   Pages = {651-661},
      Year = {1996} }



@article{
viclee97,
   Author = {Vickers, D. and Lee, M. D.},
   Title = {Toward a dynamic connectionist model of memory},
   Journal = {Behavioral and Brain Sciences},
   Volume = {20},
   Number = {1},
   Pages = {40-41},
      Year = {1997} }



@article{
viclee98,
   Author = {Vickers, D. and Lee, M. D.},
   Title = {Never cross the path of a travelling salesman: The neural net generation of Halstead-Reitan Trail Making Tests},
   Journal = {Behavior Research Methods, Instruments and Computers},
   Volume = {30},
   Number = {3},
   Pages = {423-431},
      Year = {1998} }



@article{
viclee98b,
   Author = {Vickers, D. and Lee, M. D.},
   Title = {Dynamic models of simple judgements: I. Properties of a self-regulating accumulator module},
   Journal = {Nonlinear dynamics, psychology, and life sciences},
   Volume = {2},
   Number = {3},
   Pages = {169-193},
      Year = {1998} }



@inproceedings{
vicnavlee00,
   Author = {Vickers, D. and Navarro, D. J. and Lee, M. D.},
   Title = {Towards a transformational approach to perceptual organisation},
   BookTitle = {Fourth International Conference on Knowledge-Based Intelligent Engineering Systems},
   Address= {Brighton, UK},
      Year = {2000} }



@article{
vicbutleemed01,
   Author = {Vickers, D. and Butavicius, M. and Lee, M. and Medvedev, A.},
   Title = {Human performance on visually presented Travelling Salesman Problems},
   Journal = {Psychological Research},
   Volume = {65},
   Pages = {34-45},
      Year = {2001} }



@article{
vicpie01,
   Author = {Vickers, D. and Pietsch, A.},
   Title = {Decision making and memory: A critique of Juslin and Olsson's (1997) sampling model of sensory discrimination},
   Journal = {Psychological Review},
   Volume = {108},
   Number = {4},
   Pages = {789-804},
      Year = {2001} }



@article{
vicinpress,
   Author = {Vickers, D.},
   Title = {Toward a generative transformational approach to visualisation perception},
   Journal = {Behavioral and Brain Sciences},
      Year = {in press} }



@article{
viclee,
   Author = {Vickers, D. and Lee, M. D.},
   Title = {Dynamic models of simple judgements: II. Properties of a self-organising PAGAN (Parallel, Adaptive, Generalised Accumulator Network) model for multi-choice tasks},
   Journal = {Nonlinear dynamics, psychology, and life sciences},
   Volume = {NFI},
   Pages = {NFI},
      Year = {NFI} }



@article{
vin,
   Author = {Vincent, N. C.},
   Title = {A history of visually guided maze and trail making tests and their experimental and clinical use},
   Journal = {Unpublished manuscript},
      Year = {NFI} }



@article{
malwil77,
   Author = {von der Malsburg, C. and Willshaw, D. J.},
   Title = {How to label nerve cells so that they can interconnect in an ordered fashion},
   Journal = {Proceedings of the National Academy of Science, USA},
   Volume = {74},
   Number = {11},
   Pages = {5176-5178},
      Year = {1977} }



@article{
mal79,
   Author = {von der Malsburg, C.},
   Title = {Development of ocularity domains and growth behaviour of axon terminals},
   Journal = {Biological Cybernetics},
   Volume = {32},
   Pages = {49-62},
      Year = {1979} }



@incollection{
vosort89,
   Author = {Vosniadou, S. and Ortony, A.},
   Title = {Similarity and analogical reasoning: A synthesis},
   BookTitle = {Similarity and Analogical Reasoning},
   Editor = {Vosniadou, S. and Ortony, A.},
   Publisher = {Cambridge University Press},
   Address = {Cambridge},
   Pages = {1-17},
      Year = {1989} }



@incollection{
vos88,
   Author = {Voss, R. F.},
   Title = {Fractals in nature: From characterisation to simulation},
   BookTitle = {The Science of Fractal Images},
   Editor = {Peitgen, H. O. and Saupe, D.},
   Publisher = {Springer-Verlag},
   Address = {New York},
      Year = {1988} }



@article{
wae72,
   Author = {Waern, Y.},
   Title = {Structure in similarity matrices: A graphic approach},
   Journal = {Scandinavian Journal of Psychology},
   Volume = {13},
   Pages = {5-16},
      Year = {1972} }



@book{
wal47,
   Author = {Wald, A.},
   Title = {Sequential Analysis},
   Publisher = {Wiley},
   Address = {New York},
      Year = {1947} }



@article{
warvelhas90,
   Author = {Ward, T. B. and Vela, E. and Hass, S. D.},
   Title = {Children and adults learn family-resemblance categories analytically},
   Journal = {Child Development},
   Volume = {61},
   Pages = {593-605},
      Year = {1990} }



@article{
was00,
   Author = {Wasserman, L.},
   Title = {Bayesian model selection and model averaging},
   Journal = {Journal of Mathematical Psychology},
   Volume = {44},
   Pages = {92-107},
      Year = {2000} }



@article{
wiebesmil80,
   Author = {Weiner-Erhlich, W. K. and Best, W. M. and Millwood, J.},
   Title = {An analysis of generative representational systems},
   Journal = {Journal of Mathematical Psychology},
   Volume = {21},
   Pages = {219-246},
      Year = {1980} }



@article{
wescri00,
   Author = {Westerman, S. J. and Cribben, T},
   Title = {Mapping semantic information in virtual space: dimensions, variance and individual differences.},
   Journal = {International Journal of Human Computer Studies},
   Volume = {53},
   Number = {5},
   Pages = {765-787},
      Year = {2000} }



@article{
wis67,
   Author = {Wish, M.},
   Title = {A model for the perception of Morse code-like signals},
   Journal = {Human Factors},
   Volume = {9},
   Number = {6},
   Pages = {529-549},
      Year = {1967} }



@book{
wit53,
   Author = {Wittgenstein, L.},
   Title = {Philosophical Investigations},
   Publisher = {Macmillan},
   Address = {New York},
   Note = {In case you need to correct it, Wittgenstein wrote between 1945-1949, and never published it himself.},
      Year = {1953} }



@incollection{
yehban75,
   Author = {Yeh, R. T. and Bang, S. Y.},
   Title = {Fuzzy relations, fuzzy graphs, and their applications of clustering analysis},
   BookTitle = {Fuzzy Sets and Their Applications to Cognitive and Decision Processes},
   Editor = {Zadeh, L. A. and Fu, K. and Tanaka, K. and Shimura, M},
   Publisher = {Academic Press},
   Address = {New York},
      Year = {1975} }



@article{
youhou38,
   Author = {Young, G. and Householder, A. S.},
   Title = {Discussion of a set of points in terms of their mutual distances},
   Journal = {Psychometrika},
   Volume = {3},
   Pages = {19-22},
      Year = {1938} }



@article{
youtor67,
   Author = {Young, F. W. and Torgerson, W. S.},
   Title = {Program for Shepard-Kruskal multidimensional scaling analysis},
   Journal = {Behavioral Science},
   Volume = {12},
   Pages = {498},
      Year = {1967} }



@incollection{
yui95,
   Author = {Yuille, A. L.},
   Title = {Constrained optimization and the elastic net},
   BookTitle = {Handbook of brain theory and neural networks},
   Editor = {Arbib, M. A.},
   Publisher = {MIT Press},
   Address = {Cambridge, MA},
   Pages = {250-255},
      Year = {1995} }



@incollection{
zabalg96,
   Author = {Zabrodsky, H. and Algom, D.},
   Title = {Continuous symmetry: A model for human figural perception},
   BookTitle = {Human Symmetry Perception and its Computational Analysis},
   Editor = {Tyler, T. C.},
   Publisher = {VSP},
   Address = {Utrecht},
   Pages = {289-301},
      Year = {1996} }



@article{
zakhom99,
   Author = {Zaki, S. R. and Homa, D.},
   Title = {Concepts and transformational knowledge},
   Journal = {Cognitive Psychology},
   Volume = {39},
   Number = {2},
   Pages = {69-115},
      Year = {1999} }



@book{
zip35,
   Author = {Zipf, G. K.},
   Title = {The psychobiology of language: An introduction to dynamic philology},
   Publisher = {MIT Press},
   Address = {Cambridge, MA},
      Year = {1935/1965} }



@article{
zuc00,
   Author = {Zucchini, W.},
   Title = {An introduction to model selection},
   Journal = {Journal of Mathematical Psychology},
   Volume = {44},
   Pages = {41-61},
      Year = {2000} }



