@article{speekenbrink2015uncertainty,
  title={Uncertainty and exploration in a restless bandit problem},
  author={Speekenbrink, Maarten and Konstantinidis, Emmanouil},
  journal={Topics in Cognitive Science},
  volume={7},
  number={2},
  pages={351--367},
  year={2015},
  publisher={Wiley Online Library}
}

@inproceedings{HotalingNN_skilledcogsci,
	Author = {Hotaling, J. M. and Navarro, D. J. and Newell, B. R.},
	Booktitle = {Proceedings of the 40th Annual Conference of the Cognitive Science Society},
	Editor = {C. Kalish and M. Rau and J. Zhu and T. T. Rogers},
	Publisher = {Cognitive Science Society},
	Address = {Austin, TX},
	Title = {Skilled bandits: Learning to choose in a reactive world},
	pages = {1824-1829},
	Year = {2018}}

@article{vul2014one,
  title={One and done? {Optimal} decisions from very few samples},
  author={Vul, Edward and Goodman, Noah and Griffiths, Thomas L and Tenenbaum, Joshua B},
  journal={Cognitive Science},
  volume={38},
  number={4},
  pages={599--637},
  year={2014},
  publisher={Wiley Online Library}
}

@article{littman2009tutorial,
  title={A tutorial on partially observable Markov decision processes},
  author={Littman, Michael L},
  journal={Journal of Mathematical Psychology},
  volume={53},
  number={3},
  pages={119--125},
  year={2009},
  publisher={Elsevier}
}

@article{burtini2015survey,
  title={A survey of online experiment design with the stochastic multi-armed bandit},
  author={Burtini, Giuseppe and Loeppky, Jason and Lawrence, Ramon},
  journal={arXiv preprint arXiv:1510.00757},
  year={2015}
}

@article{reverdy2014modeling,
  title={Modeling human decision making in generalized {Gaussian} multiarmed bandits},
  author={Reverdy, Paul B and Srivastava, Vaibhav and Leonard, Naomi Ehrich},
  journal={Proceedings of the IEEE},
  volume={102},
  number={4},
  pages={544--571},
  year={2014},
  publisher={IEEE}
}

@article{tauber2017bayesian,
  title={Bayesian models of cognition revisited: Setting optimality aside and letting data drive psychological theory.},
  author={Tauber, Sean and Navarro, Daniel J and Perfors, Amy and Steyvers, Mark},
  journal={Psychological Review},
  volume={124},
  number={4},
  pages={410-441},
  year={2017},
  publisher={American Psychological Association}
}

@Manual{morey2015bayesfactor,
  title = {{BayesFactor}: Computation of {Bayes} factors for common designs},
  author = {Richard D. Morey and Jeffrey N. Rouder},
  year = {2015},
  note = {R package version 0.9.12-2},
  url = {https://CRAN.R-project.org/package=BayesFactor},
}

@article{steingroever2014absolute,
  title={Absolute performance of reinforcement-learning models for the Iowa Gambling Task.},
  author={Steingroever, Helen and Wetzels, Ruud and Wagenmakers, Eric-Jan},
  journal={Decision},
  volume={1},
  number={3},
  pages={161},
  year={2014},
  publisher={Educational Publishing Foundation}
}

@article{rouder2009bayesian,
  title={Bayesian t tests for accepting and rejecting the null hypothesis},
  author={Rouder, Jeffrey N and Speckman, Paul L and Sun, Dongchu and Morey, Richard D and Iverson, Geoffrey},
  journal={Psychonomic Bulletin \& Review},
  volume={16},
  number={2},
  pages={225--237},
  year={2009},
  publisher={Springer}
}

@article{rouder2012default,
  title={Default {Bayes} factors for {ANOVA} designs},
  author={Rouder, Jeffrey N and Morey, Richard D and Speckman, Paul L and Province, Jordan M},
  journal={Journal of Mathematical Psychology},
  volume={56},
  number={5},
  pages={356--374},
  year={2012},
  publisher={Elsevier}
}

@article{kalman1960new,
  title={A new approach to linear filtering and prediction problems},
  author={Kalman, Rudolph Emil},
  journal={Journal of Basic Engineering},
  volume={82},
  number={1},
  pages={35--45},
  year={1960},
  publisher={American Society of Mechanical Engineers}
}

@article{tversky1992advances,
  title={Advances in prospect theory: Cumulative representation of uncertainty},
  author={Tversky, Amos and Kahneman, Daniel},
  journal={Journal of Risk and Uncertainty},
  volume={5},
  number={4},
  pages={297--323},
  year={1992},
  publisher={Springer}
}

@article{kahneman1990experimental,
  title={Experimental tests of the endowment effect and the {Coase} theorem},
  author={Kahneman, Daniel and Knetsch, Jack L and Thaler, Richard H},
  journal={Journal of Political Economy},
  volume={98},
  number={6},
  pages={1325--1348},
  year={1990},
  publisher={The University of Chicago Press}
}

@article{thompson1933likelihood,
  title={On the likelihood that one unknown probability exceeds another in view of the evidence of two samples},
  author={Thompson, William R},
  journal={Biometrika},
  volume={25},
  number={3/4},
  pages={285--294},
  year={1933},
  publisher={JSTOR}
}

@article{daw2006cortical,
  title={Cortical substrates for exploratory decisions in humans},
  author={Daw, Nathaniel D and O'Doherty, John P and Dayan, Peter and Seymour, Ben and Dolan, Raymond J},
  journal={Nature},
  volume={441},
  number={7095},
  pages={876-879},
  year={2006},
  publisher={Nature Publishing Group}
}

@article{gureckis2009short,
  title={Short-term gains, long-term pains: How cues about state aid learning in dynamic environments},
  author={Gureckis, Todd M and Love, Bradley C},
  journal={Cognition},
  volume={113},
  number={3},
  pages={293--313},
  year={2009},
  publisher={Elsevier}
}

@article{bogacz2007short,
  title={Short-term memory traces for action bias in human reinforcement learning},
  author={Bogacz, Rafal and McClure, Samuel M and Li, Jian and Cohen, Jonathan D and Montague, P Read},
  journal={Brain Research},
  volume={1153},
  pages={111--121},
  year={2007},
  publisher={Elsevier}
}

@inproceedings{zhu2017information,
  title={Information seeking as chasing anticipated prediction errors},
  author={Zhu, Jian-Qiao and Xiang, Wendi and Ludvig, Elliot A},
  booktitle={Proceedings of the 39th Annual Meeting of the Cognitive Science Society},
  editor = {G Gunzelmann and A Howes and T Tenbrink and E Davelaar},
  year={2017},
  address={Austin, TX},
  pages = {3658--3663},
  publisher={Cognitive Science Society}
}

@article{gigerenzer2017cassandra,
  title={Cassandraâ€™s regret: The psychology of not wanting to know.},
  author={Gigerenzer, Gerd and Garcia-Retamero, Rocio},
  journal={Psychological Review},
  volume={124},
  number={2},
  pages={179-196},
  year={2017},
  publisher={American Psychological Association}
}

@article{iigaya2016modulation,
  title={The modulation of savouring by prediction error and its effects on choice},
  author={Iigaya, Kiyohito and Story, Giles W and Kurth-Nelson, Zeb and Dolan, Raymond J and Dayan, Peter},
  journal={Elife},
  volume={5},
  year={2016},
  publisher={eLife Sciences Publications, Ltd}
}

@article{bennett2016intrinsic,
  title={Intrinsic valuation of information in decision making under uncertainty},
  author={Bennett, Daniel and Bode, Stefan and Brydevall, Maja and Warren, Hayley and Murawski, Carsten},
  journal={PLoS Computational Biology},
  volume={12},
  number={7},
  pages={e1005020},
  year={2016},
  publisher={Public Library of Science}
}

@article{yechiam2005comparison,
  title={Comparison of basic assumptions embedded in learning models for experience-based decision making},
  author={Yechiam, Eldad and Busemeyer, Jerome R},
  journal={Psychonomic Bulletin \& Review},
  volume={12},
  number={3},
  pages={387--402},
  year={2005},
  publisher={Springer}
}

@article{mehlhorn2015unpacking,
  title={Unpacking the exploration--exploitation tradeoff: A synthesis of human and animal literatures.},
  author={Mehlhorn, Katja and Newell, Ben R and Todd, Peter M and Lee, Michael D and Morgan, Kate and Braithwaite, Victoria A and Hausmann, Daniel and Fiedler, Klaus and Gonzalez, Cleotilde},
  journal={Decision},
  volume={2},
  number={3},
  pages={191-215},
  year={2015},
  publisher={Educational Publishing Foundation}
}

@article{whittle1980multi,
  title={Multi-armed bandits and the Gittins index},
  author={Whittle, Peter},
  journal={Journal of the Royal Statistical Society. Series B (Methodological)},
  pages={143--149},
  year={1980},
  publisher={JSTOR}
}

@article{banks1997experimental,
  title={An experimental analysis of the bandit problem},
  author={Banks, Jeffrey and Olson, Mark and Porter, David},
  journal={Economic Theory},
  volume={10},
  number={1},
  pages={55--77},
  year={1997},
  publisher={Springer}
}

@article{steyvers2009bayesian,
  title={A {Bayesian} analysis of human decision-making on bandit problems},
  author={Steyvers, Mark and Lee, Michael D and Wagenmakers, Eric-Jan},
  journal={Journal of Mathematical Psychology},
  volume={53},
  number={3},
  pages={168--179},
  year={2009},
  publisher={Elsevier}
}

@article{ellsberg1961risk,
  title={Risk, ambiguity, and the Savage axioms},
  author={Ellsberg, Daniel},
  journal={The quarterly journal of economics},
  pages={643--669},
  year={1961},
  publisher={JSTOR}
}

@article{anderson2012ambiguity,
  title={Ambiguity aversion in multi-armed bandit problems},
  author={Anderson, Christopher M},
  journal={Theory and Decision},
  volume={72},
  number={1},
  pages={15--33},
  year={2012},
  publisher={Springer}
}

@article{yi2009modeling,
  title={Modeling human performance in restless bandits with particle filters},
  author={Yi, Michael SK and Steyvers, Mark and Lee, Michael},
  journal={The Journal of Problem Solving},
  volume={2},
  number={2},
  pages={5},
  year={2009}
}

@article{acuna2010structure,
  title={Structure Learning in Human Sequential Decision-Making},
  author={Acuna, DE and Schrater, P},
  journal={PLoS Computational Biology},
  volume={6},
  number={12},
  pages={e1001003},
  year={2010}
}


@article{cohen2007should,
  title={Should {I} stay or should {I} go? {How} the human brain manages the trade-off between exploitation and exploration},
  author={Cohen, Jonathan D and McClure, Samuel M and Yu, Angela J},
  journal={Philosophical Transactions of the Royal Society B: Biological Sciences},
  volume={362},
  number={1481},
  pages={933--942},
  year={2007},
  publisher={The Royal Society}
}

@article{chernev2009assortment,
  title={Assortment size and option attractiveness in consumer choice among retailers},
  author={Chernev, Alexander and Hamilton, Ryan},
  journal={Journal of Marketing Research},
  volume={46},
  number={3},
  pages={410--420},
  year={2009},
  publisher={American Marketing Association}
}

@article{ybarra2012supportive,
  title={Supportive social relationships attenuate the appeal of choice},
  author={Ybarra, Oscar and Lee, David Seungjae and Gonzalez, Richard},
  journal={Psychological Science},
  volume={23},
  number={10},
  pages={1186--1192},
  year={2012},
  publisher={Sage Publications Sage CA: Los Angeles, CA}
}

@inproceedings{szita2008many,
 author = {Szita, Istv\'{a}n and L\H{o}rincz, Andr\'{a}s},
 title = {The Many Faces of Optimism: {A} Unifying Approach},
 booktitle = {Proceedings of the 25th International Conference on Machine Learning},
 year = {2008},
 isbn = {978-1-60558-205-4},
 location = {Helsinki, Finland},
 pages = {1048--1055},
 publisher = {ACM},
 address = {New York, NY, USA},
}

@article{loewenstein1997predicting,
  title={Predicting reactions to environmental change},
  author={Loewenstein, George and Frederick, Shane},
  journal={Environment, Ethics, and Behavior},
  pages={52--72},
  year={1997}
}

@incollection{chapelle2011empirical,
title = {An Empirical Evaluation of {T}hompson Sampling},
author = {Olivier Chapelle and Li, Lihong},
booktitle = {Advances in Neural Information Processing Systems 24},
editor = {J. Shawe-Taylor and R. S. Zemel and P. L. Bartlett and F. Pereira and K. Q. Weinberger},
pages = {2249--2257},
year = {2011}
}

@inproceedings{neuman2014bounded,
  title={A bounded rationality account of wishful thinking},
  author={Neuman, Rebecca and Rafferty, Anna and Griffiths, Thomas},
  booktitle={Proceedings of the 36th Annual Meeting of the Cognitive Science Society},
  editor={P Bellow and M Guarani and M McShane and B Scassellati},
  address={Austin, TX},
  pages = {1210--1215},
  publisher={Cognitive Science Society},
  year={2014}
}

@inproceedings{zhang2013forgetful,
  title={Forgetful {Bayes} and myopic planning: Human learning and decision-making in a bandit setting},
  author={Zhang, Shunan and Yu, Angela J},
  booktitle={Advances in Neural Information Processing Systems},
  pages={2607--2615},
  year={2013}
}

@article{iyengar2000choice,
  title={When choice is demotivating: Can one desire too much of a good thing?},
  author={Iyengar, Sheena S and Lepper, Mark R},
  journal={Journal of Personality and Social Psychology},
  volume={79},
  number={6},
  pages={995-1006},
  year={2000},
  publisher={American Psychological Association}
}

@inproceedings{neth2014foraging,
  title={Foraging for alternatives: Ecological rationality in keeping options viable},
  author={Neth, Hansjorg and Engelman, Neele and Mayrhofer, Ralf},
  booktitle={Proceedings of the 36th Annual Meeting of the Cognitive Science Society},
  editor={P Bellow and M Guarani and M McShane and B Scassellati},
  year={2014},
  pages={1078-1083},
  address={Austin, TX},
  publisher={Cognitive Science Society}
}

@inproceedings{ejova2009walk,
  title={When to walk away: The effect of variability on keeping options viable},
  author={Ejova, Anastasia and Navarro, Daniel Joseph and Perfors, A},
  year={2009},
  editor={N Taatgen and H Rijn and L Schomaker and J Nerbonne},
  pages = {1258-1263},
  address={Austin, TX},
  booktitle={Proceedings of the 31st Annual Meeting of the Cognitive Science Society},
  publisher={Cognitive Science Society}
}

@article{bonney2016investigations,
  title={Investigations of sales representativesâ€™ valuation of options},
  author={Bonney, Leff and Plouffe, Christopher R and Brady, Michael},
  journal={Journal of the Academy of Marketing Science},
  volume={44},
  number={2},
  pages={135--150},
  year={2016},
  publisher={Springer}
}

@article{shin2004keeping,
  title={Keeping doors open: The effect of unavailability on incentives to keep options viable},
  author={Shin, Jiwoong and Ariely, Dan},
  journal={Management Science},
  volume={50},
  number={5},
  pages={575--586},
  year={2004},
  publisher={INFORMS}
}

@article{rouse1981human,
  title={Human-computer interaction in the control of dynamic systems},
  author={Rouse, William B},
  journal={ACM Computing Surveys (CSUR)},
  volume={13},
  number={1},
  pages={71--99},
  year={1981},
  publisher={ACM}
}

@article{finkel2012online,
  title={Online dating: A critical analysis from the perspective of psychological science},
  author={Finkel, Eli J and Eastwick, Paul W and Karney, Benjamin R and Reis, Harry T and Sprecher, Susan},
  journal={Psychological Science in the Public Interest},
  volume={13},
  number={1},
  pages={3--66},
  year={2012},
  publisher={Sage Publications Sage CA: Los Angeles, CA}
}

@article{brehmer1992dynamic,
  title={Dynamic decision making: Human control of complex systems},
  author={Brehmer, Berndt},
  journal={Acta Psychologica},
  volume={81},
  number={3},
  pages={211--241},
  year={1992},
  publisher={Elsevier}
}

@article{gonzalez2005use,
  title={The use of microworlds to study dynamic decision making},
  author={Gonzalez, Cleotilde and Vanyukov, Polina and Martin, Michael K},
  journal={Computers in Human Behavior},
  volume={21},
  number={2},
  pages={273--286},
  year={2005},
  publisher={Elsevier}
}

@article{brehmer1993experiments,
  title={Experiments with computer-simulated microworlds: Escaping both the narrow straits of the laboratory and the deep blue sea of the field study},
  author={Brehmer, Berndt and D{\"o}rner, Dietrich},
  journal={Computers in Human Behavior},
  volume={9},
  number={2-3},
  pages={171--184},
  year={1993},
  publisher={Elsevier}
}

@article{biele2009learning,
  title={Learning, risk attitude and hot stoves in restless bandit problems},
  author={Biele, Guido and Erev, Ido and Ert, Eyal},
  journal={Journal of Mathematical Psychology},
  volume={53},
  number={3},
  pages={155--167},
  year={2009},
  publisher={Elsevier}
}

@article{mulder2012bias,
  title={Bias in the brain: A diffusion model analysis of prior probability and potential payoff},
  author={Mulder, Martijn J and Wagenmakers, Eric-Jan and Ratcliff, Roger and Boekel, Wouter and Forstmann, Birte U},
  journal={Journal of Neuroscience},
  volume={32},
  number={7},
  pages={2335--2343},
  year={2012},
  publisher={Soc Neuroscience}
}

@article{mata2013foraging,
  title={Foraging across the life span: Is there a reduction in exploration with aging?},
  author={Mata, Rui and Wilke, Andreas and Czienskowski, Uwe},
  journal={Frontiers in Neuroscience},
  volume={7},
  pages={53},
  year={2013},
  publisher={Frontiers}
}

@article{perry2013neural,
  title={Neural mechanisms of reward in insects},
  author={Perry, Clint J and Barron, Andrew B},
  journal={Annual Review of Entomology},
  volume={58},
  pages={543--562},
  year={2013},
  publisher={Annual Reviews}
}

@article{hausmann2008sequential,
  title={Sequential evidence accumulation in decision making: The individual desired level of confidence can explain the extent of information acquisition},
  author={Hausmann, Daniel and L{\"a}ge, Damian},
  journal={Judgment and Decision Making},
  volume={3},
  number={3},
  pages={229-243},
  year={2008},
  publisher={Society for Judgment \& Decision Making}
}

@article{hills2012dynamic,
  title={Dynamic search and working memory in social recall.},
  author={Hills, Thomas T and Pachur, Thorsten},
  journal={Journal of Experimental Psychology: Learning, Memory, and Cognition},
  volume={38},
  number={1},
  pages={218},
  year={2012},
  publisher={American Psychological Association}
}

@article{lee2011psychological,
  title={Psychological models of human and optimal performance in bandit problems},
  author={Lee, Michael D and Zhang, Shunan and Munro, Miles and Steyvers, Mark},
  journal={Cognitive Systems Research},
  volume={12},
  number={2},
  pages={164--174},
  year={2011},
  publisher={Elsevier}
}

@article{krebs1978test,
  title={Test of optimal sampling by foraging great tits},
  author={Krebs, John R and Kacelnik, Alejandro and Taylor, Peter},
  journal={Nature},
  volume={275},
  number={5675},
  pages={27},
  year={1978},
  publisher={Nature Publishing Group}
}

@article{navarro2016learning,
  title={Learning and choosing in an uncertain world: An investigation of the explore--exploit dilemma in static and dynamic environments},
  author={Navarro, Daniel J and Newell, Ben R and Schulze, Christin},
  journal={Cognitive Psychology},
  volume={85},
  pages={43--77},
  year={2016},
  publisher={Elsevier}
}

@article{nonacs2010patch,
  title={Patch exploitation},
  author={Nonacs, P},
  year={2010},
  publisher={Elsevier}
}

@article{wilson2014humans,
  title={Humans use directed and random exploration to solve the explore--exploit dilemma.},
  author={Wilson, Robert C and Geana, Andra and White, John M and Ludvig, Elliot A and Cohen, Jonathan D},
  journal={Journal of Experimental Psychology: General},
  volume={143},
  number={6},
  pages={2074--2081},
  year={2014},
  publisher={American Psychological Association}
}

@book{wald1947sequential,
  title={Sequential Analysis},
  author={Wald, A},
  publisher={Dover},
  address={New York},
  year={1947}
}

@article{kaelbling1998planning,
  title={Planning and acting in partially observable stochastic domains},
  author={Kaelbling, Leslie Pack and Littman, Michael L and Cassandra, Anthony R},
  journal={Artificial Intelligence},
  volume={101},
  number={1-2},
  pages={99--134},
  year={1998},
  publisher={Elsevier}
}
